3202 5180
679 387 733 438 vn

208 558 318 641 rader,
342 556 515 641 subveunt,
540 555 743 642 desquamor,
766 558 919 643 pumicor,
939 577 1050 641 arnor,

210 660 364 746 eupolim,
387 661 514 746 pingor.

118 872 172 930 246
275 865 326 931 hic
347 871 397 932 cst
418 865 564 950 Macedo,
588 865 616 932 si
638 864 770 932 aohrion
794 867 914 950 longin’
939 866 1059 934 flaccet.
1140 907 1142 911 -

210 1053 423 1140 muginamur‚
447 1054 605 1140 molimur,
629 1052 842 1122 subdueimur.

210 1261 239 1323 si
262 1261 369 1322 movet
391 1275 430 1323 ae
451 1258 547 1324 simut
567 1277 672 1346 nares,
696 1261 832 1329 delfinos
855 1270 889 1331 nt
911 1261 996 1327 olim.

212 1462 314 1528 callus
327 1462 415 1547 item,
438 1482 477 1529 ac
492 1463 573 1529 bene
588 1466 685 1550 plena
701 1464 774 1552 [iias
791 1467 937 1555 oloruml,
953 1473 1051 1553 atque
1066 1467 1183 1533 anseri'
1201 1466 1311 1532 collus.

214 1667 291 1753 quoi
313 1669 341 1735 si
367 1668 450 1736 oculi
472 1688 537 1736 non
560 1676 633 1736 sunt
654 1690 758 1755 neque
780 1691 893 1738 nasum
916 1676 974 1755 est,
998 1670 1107 1754 qualia
1128 1667 1246 1736 sentit?

104 1946 254 2017 dicuntur,
277 1943 403 2002 ferarum
419 1943 466 2003 rel
481 1946 649 2004 animalium
664 1947 859 2022 quaesitores.
885 1943 1019 2004 Lucilius
1031 1950 1194 2022 satyrarum
1209 1942 1259 2002 lib.
1275 1961 1315 1999 vn

102 2041 241 2100 ‘aetatem
328 2037 529 2098 conciliatrix'.
572 2039 724 2117 Turpilius
753 2040 971 2100 Bo'e'thontibus
993 2038 1072 2099 ‘Non
1099 2058 1158 2116 ego
1179 2038 1235 2097 hoc
1260 2039 1315 2114 'per

102 2151 207 2209 sagam
229 2131 326 2210 pretio
348 2131 534 2205 conductam,
557 2140 588 2192 nt
608 2133 698 2209 vulgo
719 2134 848 2194 solent’.''

128 2267 131 2272 -
180 2229 247 2286 238.
288 2225 404 2285 Nonius
426 2245 454 2302 p.
470 2229 518 2298 95,
538 2229 572 2286 15
594 2225 816 2305 “Desqnamct,
843 2228 973 2305 squamis
995 2227 1137 2304 expoliat.
1225 2225 1312 2285 Luci·

100 2323 157 2381 lius
181 2327 346 2395 satyrarum
368 2320 417 2379 lib.
433 2340 475 2378 vn
497 2319 609 2377 ‘sanor
630 2322 764 2382 adbellor
785 2341 975 2383 ...exsicca
996 2321 1139 2398 pingor'.”

180 2417 246 2474 240.
287 2412 315 2474 N
319 2413 403 2472 onius
424 2431 452 2488 p.
470 2415 586 2487 110,10
608 2413 761 2491 “Flacceq
777 2419 910 2494 languet,
932 2417 1039 2476 deficit.
1061 2415 1195 2474 Lucilius
1209 2416 1260 2474 lib.
1272 2434 1312 2472 ιιι

101 2513 161 2571 ‘bic
182 2510 260 2570 ...si
274 2525 392 2565 acaron
406 2508 508 2585 (syron
521 2516 672 2568 correctns
687 2509 860 2586 Leidensis)
878 2558 884 2571 .
898 2559 903 2571 .
917 2558 923 2570 .
935 2511 1075 2572 flaccet'.’'
1147 2509 1314 2586 Appuleius

101 2608 181 2684 apol.
204 2624 234 2682 p.
248 2604 306 2663 406
329 2601 496 2678 “Equidem
520 2601 556 2661 C.
577 2603 724 2662 Lucullum
744 2606 897 2683 (Lucilium
917 2606 1052 2684 Lipsius)
1077 2621 1255 2682 quamquem
1276 2603 1315 2662 sit

99 2701 246 2760 iambicus
275 2703 374 2756 tumen
405 2695 594 2771 improbarim
610 2709 612 2714 ’
628 2698 709 2774 quod
734 2699 872 2760 Gentium
898 2701 1046 2775 (Gentilem
1071 2717 1142 2777 pars
1167 2697 1236 2756 olim
1260 2697 1312 2754 im-

101 2793 284 2872 pressorum)
306 2796 336 2849 et
348 2789 542 2850 Macedonem
563 2809 671 2868 pueros
693 2793 813 2854 directis
835 2796 1000 2856 nominibus
1022 2793 1150 2854 carmine
1172 2808 1225 2850 sno
1246 2808 1312 2866 pro·

102 2886 258 2948 stituerit.”
299 2883 409 2943 Confer
428 2903 460 2956 u,
477 2884 522 2944 67.

180 2983 247 3040 241.
286 2977 402 3037 Nonius
424 2997 455 3056 p.
469 2983 565 3056 139,5
587 2979 767 3056 “Mugineri
786 3000 965 3042 murmurare
981 2983 1080 3060 (immo
1093 2981 1220 3056 morari).
1252 2979 1312 3039 Ian·

100 3077 187 3138 cilius
209 3075 261 3134 lib.
279 3091 320 3128 sn
342 3071 536 3149 ‘muginemur
555 3077 680 3136 molitam
700 3076 923 3138 subducimur'.''
1045 3075 1130 3136 Idem
1151 3093 1179 3151 p.
1194 3075 1261 3149 346,
1277 3075 1314 3134 14

101 3169 241 3244 ’‘Moliri‚
259 3169 403 3242 retinere,
423 3170 530 3228 morari
556 3188 591 3229 ae
618 3170 781 3247 repigrcre.
865 3173 998 3234 Luc-ilius
1019 3172 1070 3230 lib.
1083 3188 1124 3226 vn
1145 3163 1313 3227 ‘mutilantur
1337 3235 1339 3238 .

100 3266 236 3326 molimur
257 3262 483 3324 subducimur'.”
1183 3283 1186 3288 ·
1347 3263 1349 3270 ’

178 3361 246 3418 242.
290 3357 406 3416 Nonius
432 3376 461 3434 p.
478 3361 548 3433 169,
569 3361 604 3419 31
634 3345 765 3432 “Simat‚
791 3358 936 3437 deprimit.
982 3361 1116 3422 Lucilius
1142 3360 1192 3421 lib.
1208 3379 1249 3418 vn
1277 3358 1312 3418 ‘si

72 3471 75 3480 “
100 3461 203 3515 moret
224 3468 343 3508 axinan
365 3451 527 3511 0...lim'.''

178 3550 244 3608 243.
284 3543 401 3604 Nonius
423 3566 450 3624 p.
464 3548 533 3619 200,
548 3550 584 3606 16
604 3545 731 3607 “Collns
756 3549 917 3610 masculino
986 3549 1119 3608 Lucilius
1146 3551 1312 3623 satyrarum

98 3645 149 3704 lib.
171 3661 213 3700 vn
235 3639 437 3709 ‘crnrnrssmn
464 3639 728 3717 (Guelferbytanus
755 3645 766 3700 l
790 3651 969 3721 compuncta
993 3652 1023 3704 et
1048 3647 1068 3702 d
1093 3641 1312 3720 superscripta:

99 3739 257 3796 caldissime
274 3733 446 3810 Leidensis)
468 3753 503 3795 ec
526 3736 600 3796 bene
622 3737 712 3814 plena
731 3737 786 3796 iias
807 3738 920 3798 olorum
941 3745 1029 3816 atque
1050 3737 1163 3798 anseris
1183 3733 1314 3796 collns’.”

178 3830 244 3890 244.
285 3828 401 3888 Nonius
422 3848 451 3905 p.
468 3832 535 3903 215,
552 3833 569 3888 3
592 3829 713 3892 “Nasus
728 3832 892 3893 masculini.
924 3833 1028 3908 neutri,
1049 3830 1310 3893 Lucilinslib.v11

99 3925 193 3985 'onos
214 3924 293 3984 oculi
307 3941 460 3984 ...nasum
481 3924 642 4001 nequalia
665 3927 776 3985 susr'.''

176 4141 243 4199 238.
284 4139 394 4208 Radcr,
413 4139 548 4198 subcellcr
569 4140 736 4201 Turnebus

176 4219 243 4276 239.
285 4217 423 4292 Ecpclior
443 4215 494 4275 Fr.
516 4216 630 4276 Dousa.

176 4295 242 4352 241.
282 4291 400 4352 Lexica
425 4293 500 4352 male
528 4301 718 4371 praetereunt
743 4295 886 4370 Gellium,
915 4295 964 4374 qni
991 4293 1134 4356 hebetia
1159 4313 1187 4370 v,
1209 4295 1244 4352 16
1263 4295 1311 4352 ssd

98 4374 166 4431 baec
187 4391 220 4429 eu
240 4390 311 4448 quae
330 4389 385 4428 aon
404 4372 506 4431 diceus
522 4375 728 4449 aspirandum.

177 4450 243 4512 242.
284 4467 319 4510 cc
338 4451 421 4509 simut
439 4447 578 4510 Rothins.
