3202 5180
654 381 694 432 XI

169 545 346 634 [consellas
370 566 499 632 quoque
522 547 640 614 validis
664 548 814 618 infinibus
836 550 944 637 aptas]
997 532 1001 538 ’

169 708 331 794 improbu’
355 709 520 777 conlidens
542 729 682 796 nequam
704 710 810 778 malus
831 718 868 777 nt
888 713 1047 781 videatur.

71 877 127 935 335
171 871 286 936 horum
301 873 358 937 'est
378 873 530 940 iudicium
553 873 676 958 Crassi,
700 877 734 938 ut
756 871 982 940 describsimus
1004 883 1093 962 ante;

93 1045 101 1058 ,1
169 973 231 1040 hoc
255 980 319 1060 est,
344 975 422 1061 quid
443 995 583 1061 sumam,
608 976 686 1060 quid
708 994 788 1062 non,
812 977 845 1044 in
868 997 996 1062 quoquo
1018 981 1170 1048 locemus.

171 1157 270 1222 quarn
292 1137 343 1204 vis
366 1137 532 1205 desubito
555 1137 648 1206 trinis
671 1138 830 1206 deducere
852 1139 950 1206 scalis

169 1318 256 1384 pone
279 1299 451 1383 paludatus
473 1299 580 1366 stabat
601 1301 734 1366 rorariu'
758 1302 857 1368 veles.

175 1459 272 1526 'nae’.
317 1480 411 1544 quem
432 1462 467 1526 in
488 1482 563 1528 arce
585 1463 701 1530 bovem
723 1462 894 1550 discerpsit
928 1465 1114 1551 ‘magnifico’
1137 1466 1251 1551 inquit.

634 1732 747 1816 XI.

50 1937 139 2003 *310
175 1934 350 2021 Scipiadae
373 1954 492 2019 magno
516 1935 680 2022 improbus
703 1937 864 2003 obiciebat
886 1940 1015 2005 Asellus

172 2037 307 2103 lustrum
329 2038 386 2104 illo
410 2057 543 2104 censore
565 2038 685 2104 malum
707 2038 883 2125 infelixque
906 2041 1014 2107 fuisse.

138 2273 208 2332 333.
248 2270 365 2331 Nonius
392 2286 419 2347 p.
440 2274 549 2346 235,2
576 2272 714 2348 “Aptum
740 2288 853 2331 nuruum
878 2288 1022 2331 conexum
1047 2278 1077 2332 et
1102 2274 1273 2349 colligatum

52 2367 221 2444 significat.
297 2365 431 2426 Lucilius
451 2373 615 2442 satyrarum
632 2367 707 2430 libro
722 2386 743 2424 x
764 2365 921 2426 ‘consellas
944 2384 1061 2443 quoque
1081 2368 1188 2428 validis
1208 2369 1272 2428 infi-

52 2464 148 2522 nibus
172 2461 360 2537 (prcevob'dr'a
378 2465 408 2518 io
419 2463 535 2537 sonibus
555 2460 649 2520 ‘vetus
669 2461 753 2521 liber’
774 2462 824 2521 Fr.
845 2461 978 2536 Dousae)
1000 2463 1121 2537 nptaa’.”
1299 2517 1305 2530 .

140 2556 209 2615 334.
249 2555 368 2614 Nonius
388 2573 417 2631 p.
432 2556 498 2629 262,
515 2558 549 2614 ll
572 2554 787 2616 “Oenidentia
810 2573 922 2614 rursum
948 2556 1114 2630 temeritas,
1139 2557 1274 2617 audacie.

51 2652 215 2711 Pacuvius
282 2651 353 2707 idem
373 2650 424 2708 lib.
440 2668 460 2706 x
482 2650 643 2726 ‘improbus
706 2669 809 2710 ulnus
830 2649 999 2710 rideatur'.'’

139 2747 207 2804 335.
247 2743 364 2804 Nonius
384 2762 413 2819 p.
430 2746 497 2819 396,
514 2742 547 2803 li
570 2743 714 2805 “Sumere
734 2744 822 2803 etiam
844 2743 992 2819 significat
1005 2744 1124 2820 eligere.
1213 2744 1273 2805 Lu·

54 2841 146 2900 cilius
171 2844 339 2914 satyrarum
359 2838 409 2898 lib.
425 2857 445 2894 x
466 2837 631 2896 ‘uouonou
653 2844 700 2898 est
719 2838 859 2898 iudicium
885 2855 1007 2896 caussis
1027 2846 1059 2898 ut
1078 2857 1274 2897 orscnrerrrua

44 2963 60 2994 ·.
75 2981 81 2994 .
97 2981 104 2995 .
119 2932 292 2992 locemus'.''

141 3025 209 3086 331.
249 3026 365 3086 Nonius
385 3046 415 3104 p.
432 3024 498 3101 513,
519 3029 556 3088 30
577 3025 643 3086 “De
664 3026 773 3087 subito.
794 3027 988 3088 ...Lucilius
1003 3033 1167 3104 satyrorum
1186 3029 1237 3088 lib.
1253 3047 1275 3086 x

55 3121 209 3199 'quamvis
233 3166 279 3182 ...
295 3121 421 3182 scalis'.''

138 3218 207 3276 338.
246 3216 363 3276 Nonius
379 3235 408 3293 p.
419 3219 486 3287 553,
499 3217 519 3274 4
539 3213 688 3274 “Rotarii.
710 3214 848 3274 ...idem
866 3215 917 3276 lib.
932 3235 953 3272 x
973 3215 1061 3294 ‘pone
1075 3261 1082 3276 .
1094 3261 1119 3276 ..
1137 3217 1275 3278 vnnox’.”

137 3312 206 3370 339.
246 3311 383 3372 Donatus
412 3311 452 3372 ad
478 3309 612 3370 Terentii
636 3300 782 3369 Andriam
806 3329 843 3386 11,
867 3313 881 3369 1
902 3329 931 3387 p.
946 3312 984 3371 38
1010 3308 1095 3370 “Nae
1121 3309 1177 3370 iste
1203 3309 1276 3371 haut

54 3423 178 3466 mecum
200 3406 298 3466 sentit.
339 3423 395 3466 uae
415 3404 517 3479 raldo,
543 3407 609 3477 aut,
633 3411 666 3463 ut
686 3399 805 3482 puidam
828 3405 942 3479 volunt,
964 3422 980 3463 o
1001 3422 1098 3482 quam.
1140 3405 1275 3466 Lucilius

53 3503 87 3560 in
103 3520 126 3558 x
148 3499 215 3559 ‘nae
237 3499 283 3577 (oc
297 3519 376 3577 qoem
389 3497 508 3558 codices
522 3497 633 3557 Faerni
648 3498 686 3557 od
700 3499 831 3560 Andriae
853 3499 927 3575 prol.
943 3496 976 3558 li
999 3505 1029 3559 et
1042 3499 1110 3558 olim
1125 3499 1274 3578 impressi)

56 3596 88 3655 iu
105 3641 113 3657 .
127 3642 134 3657 .
149 3641 157 3655 .
171 3595 319 3672 discerpsi
340 3595 484 3671 (acopo
504 3593 585 3670 olim)
599 3593 786 3671 ...inquit'.’'

140 3689 209 3748 340.
251 3687 366 3750 Gellius
388 3707 428 3762 ιν,
451 3685 483 3746 li
507 3685 637 3747 “Lucilii
657 3705 695 3746 ex
714 3685 869 3747 undecimo
890 3704 992 3746 versus
1018 3693 1086 3746 sunt
1105 3687 1276 3765 ‘Scipiadae

58 3783 235 3846 ...fuisse’
276 3780 426 3842 obiciebat
446 3798 463 3838 o
484 3779 570 3841 litera
590 3780 738 3858 producta
757 3783 863 3840 multos
884 3781 983 3856 legere
1003 3780 1120 3842 audio.”

58 3925 268 3936 ......—n—

140 4002 207 4060 333.
249 3997 352 4056 Iunius
373 3999 506 4056 tonsillas.

139 4078 206 4136 335,
248 4077 359 4134 Horum
378 4073 514 4133 Rotbins.
633 4076 825 4150 decerpsimus
845 4074 938 4134 Ianus
958 4076 1070 4133 Dousa.

139 4155 207 4212 338.
248 4151 299 4210 Fr.
320 4151 425 4210 Donse
443 4151 521 4210 Pone
537 4152 714 4227 paludatum.

141 4231 208 4288 339.
250 4232 296 4286 Ne
310 4226 525 4287 adfirmatirum
546 4229 575 4286 in
592 4226 637 4284 his
651 4227 748 4286 locum
762 4244 821 4285 non
833 4227 946 4287 habere
964 4226 1065 4286 docuit
1078 4225 1155 4284 Alfr.
1170 4221 1276 4284 Fleck-

59 4307 193 4369 elsenius
214 4306 245 4365 in
266 4303 431 4382 Philologo
451 4303 668 4366 Schneidewiui
688 4323 710 4361 11
731 4322 760 4381 p.
776 4305 822 4363 68.
854 4303 909 4364 sed
929 4303 981 4362 ναί
1000 4302 1148 4366 Graecum
1168 4301 1277 4382 optime

59 4383 204 4447 convenit
223 4381 348 4457 gloriosi
369 4399 435 4441 cnm
455 4380 646 4441 adsentatore
667 4380 825 4458 colloquio.

139 4462 206 4523 340.
225 4461 244 4502 *
261 4457 351 4521 Ocni.
374 4477 477 4520 comm.
497 4459 528 4520 iu
548 4459 638 4521 Luor.
660 4476 689 4536 p.
703 4459 770 4520 413.
