3204 5184
278 369 320 433 60
454 349 460 362 ‘
838 371 929 420 xxm

353 579 356 584 -
383 539 573 624 publicanus
596 557 673 603 vcro
696 544 730 602 ut
753 536 852 602 Asiae
873 537 956 621 liam,
981 545 1016 602 ut
1038 539 1274 623 scripturarius,

273 710 275 714 .
386 661 445 726 prc
468 641 602 726 Lucilio,
626 640 660 704 id
683 661 744 722 ego
768 640 854 724 nolu,
879 648 994 705 etune
1017 639 1077 704 hcc
1097 660 1163 704 ncn
1184 647 1272 705 muto
1295 642 1412 706 omnia.

387 812 441 900 [ad
464 810 632 877 libertinus
654 810 814 897 tricorius]
839 811 940 895 Syrus
963 812 1033 896 ipse
1056 811 1099 875 ad
1121 812 1297 896 mastigias,

241 990 249 1020 1
296 920 347 978 5³0
386 914 514 998 quicum
536 912 717 997 versipellis
740 911 781 977 fic
804 920 836 978 et
858 914 986 996 quicum
1009 919 1155 978 conmutc
1179 914 1294 980 omnia.

389 1083 651 1171 quandoquidem
675 1102 727 1147 res
750 1083 847 1168 periit
868 1083 994 1166 magnis
1019 1084 1230 1151 conbibcnum
1253 1104 1293 1149 ex
1317 1085 1428 1168 copiis.

388 1256 484 1321 facile
507 1255 711 1320 deridemur.
752 1254 869 1320 scimus
895 1255 1015 1340 capital
1039 1275 1110 1321 esse
1133 1255 1274 1322 irascier.

386 1435 420 1493 at
442 1427 528 1493 enim
551 1425 629 1510 dixi,
655 1424 854 1490 clandestino
877 1426 935 1491 tibi
957 1426 1045 1509 quod
1068 1429 1271 1496 commissum
1294 1427 1386 1512 foret,

390 1551 452 1596 neu
475 1529 620 1593 muttires
644 1526 813 1610 quicquam
835 1546 898 1591 neu
920 1529 1077 1613 mysteria
1098 1530 1237 1596 ecferres
1264 1529 1364 1596 foras.

297 1711 346 1769 5³5
384 1701 462 1785 quid
484 1701 536 1766 nei
560 1705 595 1763 tu
617 1697 703 1763 idem
727 1698 935 1763 inlitteratum
957 1720 1008 1766 mc
1031 1706 1126 1784 atque
1150 1699 1283 1766 idiotam
1306 1700 1459 1767 diceres?

829 1871 856 1936 si
880 1869 931 1935 hic
953 1871 1143 1937 vestimenta
1165 1870 1265 1937 eluvit
1286 1871 1363 1955 luto,

357 2042 422 2103 527.
461 2043 578 2101 Nonius
600 2061 632 2118 p.
646 2045 726 2117 38‚4
747 2041 984 2118 “Scripturarics
1005 2050 1117 2102 veteres
1138 2060 1212 2118 quos
1233 2060 1310 2102 nunc
1331 2044 1498 2103 tabularios

223 2149 225 2152 '
281 2139 404 2196 dicimus
420 2137 478 2196 dici
493 2136 607 2195 volunt.
630 2135 824 2195 ...Lucilius
844 2137 895 2195 lib.
907 2156 981 2193 xxm
995 2136 1181 2213 ‘publicanum
1197 2154 1268 2196 vero
1279 2147 1353 2196 ...ut
1368 2138 1497 2214 scriptu·

280 2231 409 2290 rarius'.”
487 2231 573 2290 Idem
594 2249 623 2306 p.
639 2228 739 2305 351‚t
763 2229 908 2304 “Mutare
930 2231 1011 2289 aliud
1031 2249 1086 2307 pro
1108 2231 1166 2288 ulio
1181 2231 1328 2306 accipere.
1360 2232 1497 2291 Lucilius

279 2327 330 2385 lib.
345 2345 419 2383 xxm
440 2325 623 2402 ‘publicanus
639 2369 645 2381 .
662 2328 764 2400 ..fiam
785 2324 990 2400 scripturarius
1007 2324 1195 2385 ...omnia’.”
1591 2387 1597 2399 ‚

357 2423 421 2480 529.
462 2420 492 2478 N
494 2421 578 2478 ouius
593 2437 621 2494 p.
635 2417 708 2491 ssi
725 2416 929 2493 “versipelles
945 2418 1015 2477 dicti
1026 2426 1094 2479 sunt
1105 2419 1240 2495 quolibet
1249 2435 1358 2493 genere
1372 2437 1404 2477 se
1415 2438 1495 2478 com·
1592 2430 1597 2451 ¹

280 2522 437 2574 mutantes.
460 2513 593 2571 Lucilius
606 2513 656 2571 lib.
667 2531 739 2570 xxm
755 2511 804 2569 ‘ed
819 2511 972 2570 libertinus
983 2513 1119 2596 tricorius
1137 2514 1212 2572 sirus
1225 2515 1289 2590 ipse
1305 2513 1344 2572 ad
1354 2518 1497 2573 masticias
1590 2576 1597 2585 „

282 2655 288 2668 .
302 2654 308 2667 .
321 2651 327 2666 .
340 2607 472 2667 omnia’.'’

359 2703 423 2760 531.
466 2700 583 2758 Nonius
609 2719 638 2776 p.
654 2701 706 2775 38,
725 2702 760 2758 12
786 2699 984 2759 “Convictocm
1004 2706 1182 2778 conpeteres
1210 2719 1228 2758 a
1255 2700 1385 2760 bibendo
1415 2701 1496 2762 dicti.

282 2796 416 2856 Lucilius
437 2796 489 2854 lib.
504 2813 578 2852 xxm
599 2793 849 2870 ‘quandoquidem
872 2814 1000 2852 mserum
1015 2840 1021 2852 .
1035 2839 1040 2852 .
1053 2838 1059 2851 .
1071 2799 1245 2853 convivorum
1265 2812 1303 2853 ex
1324 2795 1458 2871 copiis’.''

359 2893 423 2950 532.
464 2889 580 2948 Nonius
599 2907 630 2964 p.
649 2891 696 2962 38,
713 2891 748 2946 16
771 2887 917 2965 “Capital
939 2888 1050 2949 dictum
1071 2896 1117 2946 est
1136 2889 1244 2964 capitis
1257 2889 1428 2966 periculum.

281 2984 413 3045 Lucilius
433 2984 485 3042 lib.
500 3002 573 3040 xxm
595 2981 691 3042 ‘facile
707 3028 713 3040 .
728 3027 734 3040 .
748 3027 755 3040 .
771 2981 926 3042 irascier?

359 3081 424 3137 533.
458 3076 488 3136 N
491 3079 573 3136 onius
586 3094 614 3151 p.
624 3077 670 3150 38,
683 3077 717 3134 18
730 3074 945 3137 “Glandestiuo
956 3084 1002 3136 est
1013 3075 1198 3135 abscondite.
1219 3076 1353 3137 Lucilius
1362 3078 1498 3138 lib.xxm
1600 3142 1601 3151 χ

282 3172 327 3231 ‘at
352 3173 428 3229 enim
454 3187 671 3230 n1c1S...neu
694 3174 797 3228 mittem
821 3175 952 3248 quiquam
975 3190 1032 3230 neu
1058 3171 1188 3231 misteria
1213 3171 1341 3231 ecferres
1366 3171 1501 3250 (ecferret
1600 3220 1601 3223 .

284 3265 455 3343 Leidensis)
478 3265 593 3325 sor·as’.”
691 3263 776 3322 Idem
801 3283 830 3342 p.
845 3267 916 3339 249,
937 3268 957 3323 4
984 3265 1209 3340 “committere,
1230 3266 1337 3326 facere.
1360 3266 1499 3326 ...idem

281 3361 333 3420 lib.
347 3379 421 3418 xxm
441 3361 490 3418 ‘ad
503 3359 580 3418 enim
600 3376 680 3415 n1c1s
696 3405 703 3418 .
719 3379 790 3418 ..ue
809 3360 942 3418 muttires
964 3360 1121 3436 quiequam
1136 3380 1184 3419 uec
1205 3362 1346 3436 mysteria
1366 3362 1498 3419 auferres

282 3456 465 3533 (lacesseres
485 3453 643 3513 Leidensis
665 3458 696 3512 et
718 3453 918 3528 Genevensis)
939 3455 1055 3514 foras'.''

360 3554 425 3611 535.
465 3549 580 3610 Nonius
601 3567 630 3626 p.
645 3551 692 3622 38,
708 3551 745 3607 23
770 3547 907 3608 “Idiotas
929 3548 1082 3609 aGreecc
1103 3556 1239 3624 tractum,
1260 3547 1388 3622 inutiles,
1410 3548 1498 3624 qussi

284 3644 341 3705 sibi
358 3652 472 3704 tantum
491 3662 549 3702 non
565 3643 697 3720 plurimis
715 3641 865 3720 (pluribus)
879 3643 975 3703 utiles.
1006 3643 1139 3702 Lucilius
1160 3645 1211 3703 lib.
1221 3662 1300 3701 xxm
1315 3640 1398 3719 ‘quid
1412 3641 1441 3700 ni
1456 3661 1497 3698 nr

283 3743 316 3797 tu
330 3783 336 3796 .
349 3783 355 3795 .
370 3781 377 3794 .
390 3737 540 3798 diceres'.''
1225 3811 1228 3821 ι

359 3836 425 3893 536.
465 3832 581 3892 Nonius
602 3850 631 3907 p.
649 3833 713 3900 103,
726 3833 762 3889 29
782 3830 911 3909 “Elevit
933 3832 1101 3894 maculavit.
1134 3828 1268 3890 Lucilius
1284 3829 1334 3889 lib.
1350 3841 1381 3881 VJ
1392 3827 1428 3886 ‘si
1446 3827 1497 3886 hic

285 3976 290 3988 .
304 3973 310 3986 .
324 3975 329 3987 .
341 3927 455 3985 n'nsmr
470 3973 476 3987 .
489 3972 495 3986 .
508 3970 514 3985 .
526 3943 663 4000 magnum
677 3943 715 3983 xc
731 3923 905 3985 cachinnum
921 3973 928 3986 .
941 3972 948 3986 .
961 3973 967 3986 .
980 3925 1104 3986 subicit'.
1132 3928 1266 3997 Eleviem,
1279 3923 1497 4003 purgationem.

284 4021 419 4081 Lucilius
439 4021 489 4080 lib.
502 4039 576 4079 xxm
597 4019 639 4079 ‘ut
660 4021 781 4079 eleviem
803 4022 901 4080 facere
923 4028 1115 4098 perventum
1135 4019 1245 4080 velis'.”

283 4145 485 4154 ——--—-

359 4204 426 4262 531.
467 4201 654 4259 combidouum
674 4197 787 4258 Iunius.

361 4281 426 4338 533.
468 4281 526 4336 dixi
546 4278 596 4337 Fr.
617 4278 731 4336 Dousa.

361 4357 427 4414 536.
468 4355 564 4415 Libro
584 4372 659 4412 xxm
679 4352 878 4414 adscribenda
898 4351 971 4411 haec
987 4353 1124 4428 Scaliger
1139 4351 1220 4412 vidit.
1290 4353 1401 4412 Elicere
1413 4356 1499 4410 cesti·

284 4443 376 4492 menta
396 4450 455 4491 non
474 4438 575 4509 potest
595 4449 662 4492 esse
683 4431 841 4492 maculare.
863 4431 950 4489 cluere
970 4439 1015 4491 est
1034 4448 1174 4510 purgare.
