3204 5184
314 359 373 424 108
799 358 935 408 1-xxv.
959 357 1039 408 xxx

234 535 235 544 ’
340 529 359 570 *
424 528 530 610 ‘quam
555 526 660 610 lepide
682 526 785 592 lexeis
808 531 992 612 compostae
1014 531 1049 590 ut
1070 526 1249 593 tesserulae
1271 547 1384 594 omnes

425 634 493 704 arte
515 629 691 714 pavimenti
714 634 810 715 atque
834 628 1024 695 emblemate
1045 628 1263 696 vermiculato.

316 823 385 888 *995
429 820 590 888 ‘Crassum
612 817 716 886 habeo
739 838 902 903 generum,
925 838 966 885 ne
989 818 1222 886 rhetoricotero’
1247 819 1359 887 tusis.

282 1017 302 1058 ⁸
335 1011 354 1052 *
876 1005 984 1093 quibu’
1007 1007 1117 1074 vinum

422 1110 571 1177 defusum
595 1133 612 1178 e
636 1113 733 1197 pleno
756 1111 797 1177 sit
818 1109 960 1176 hirsizon
984 1110 1034 1176 oui
1057 1111 1103 1177 nil

427 1214 503 1280 dum
526 1215 568 1281 sit
591 1216 640 1283 vis
665 1221 696 1280 et
719 1215 864 1280 sacculus
891 1213 1059 1280 abstulerit
1136 1262 1144 1278 .

391 1422 456 1482 993.
488 1419 552 1479 995.
595 1418 704 1479 (licere
725 1421 762 1480 de
789 1425 906 1480 oratore
920 1438 964 1495 ru,
982 1422 1030 1495 43,
1047 1416 1100 1479 1t1
1124 1418 1363 1480 “Collocationis
1386 1424 1434 1480 est
1452 1436 1519 1478 eom·

314 1532 425 1595 ponere
440 1519 470 1574 et
484 1518 598 1574 struere
615 1514 707 1574 verba
721 1515 764 1574 sio
785 1521 816 1574 ut
832 1531 906 1574 neve
921 1531 1011 1591 asper
1032 1531 1133 1573 eorum
1147 1529 1311 1573 concursus
1327 1530 1402 1574 neve
1416 1513 1518 1572 hiulcus

316 1610 363 1684 sit,
384 1608 438 1668 sed
453 1606 584 1685 quodam
604 1609 692 1668 modo
708 1616 933 1685 coagmentatus
955 1615 985 1668 et
1002 1609 1085 1669 levis.
1118 1609 1148 1668 in
1170 1625 1230 1685 quo
1243 1607 1344 1685 lepide
1359 1608 1455 1668 soceri
1474 1607 1521 1666 mei

319 1721 449 1782 persona
467 1702 540 1762 lusit
558 1702 648 1780 isqui
668 1703 888 1778 elegantissime
909 1703 940 1762 id
957 1704 1055 1764 faeere
1070 1703 1177 1782 potuit,
1198 1701 1349 1762 Lucilius:
1370 1701 1469 1780 ‘qnam
1487 1701 1519 1761 le·

319 1799 389 1876 pide
410 1798 502 1857 lexeis
524 1798 568 1874 (ec
587 1797 721 1856 tacodex
734 1798 948 1858 Abrincensis:
970 1798 1000 1857 in
1015 1798 1081 1858 aliis
1098 1797 1184 1858 aliter
1196 1801 1353 1875 peccatum
1375 1797 1434 1867 est)
1454 1814 1520 1856 eom·

318 1900 424 1970 poetae
441 1891 573 1970 (codices
587 1891 648 1951 fere
664 1893 840 1971 compositus)
856 1938 862 1951 .
876 1935 883 1952 .
898 1939 904 1952 .
917 1898 979 1952 arte
987 1897 1146 1970 pavimento
1162 1891 1429 1952 ...vermiculatol
1457 1908 1522 1969 qnae

316 2006 382 2048 cum
400 1988 526 2046 dixisset
541 1987 570 2045 in
584 1987 743 2046 Albucium
758 1986 895 2063 illudens,
916 2005 953 2047 ne
969 2004 1046 2046 ame
1067 1986 1186 2063 quidem
1202 1987 1357 2047 abstinuit:
1380 1985 1523 2046 ‘Crassum

317 2132 322 2143 .
341 2101 418 2142 ..ne
440 2079 661 2140 rhetoricotero'
682 2081 769 2140 tusis
786 2080 830 2158 (nc
848 2083 1000 2140 rbcetorico
1018 2091 1041 2140 tc
1053 2083 1138 2156 rcfluo
1156 2086 1193 2140 erc
1207 2081 1304 2142 codex
1319 2079 1524 2141 Abrineensis:

315 2180 344 2236 in
365 2176 429 2236 aliis
451 2176 510 2234 alia
530 2175 604 2234 vitia
626 2173 743 2250 suntl’.’'
821 2174 938 2234 Nonius
952 2195 981 2252 p.
999 2175 1123 2251 188,.24
1144 2172 1388 2234 “vermiculatim
1403 2176 1458 2251 (sie
1472 2176 1524 2234 Ba-

316 2274 476 2332 sileenses:
504 2271 719 2330 Vermiculctum
739 2269 810 2328 olim
830 2269 979 2349 impressi)
1000 2288 1055 2349 pro
1074 2269 1196 2329 minuto.
1228 2269 1334 2329 Oicero
1356 2269 1395 2328 de
1417 2270 1458 2346 (in
1471 2270 1524 2330 Ba·

316 2366 470 2441 sileenses)
491 2371 608 2424 oratore
631 2363 683 2423 lib.
697 2382 730 2419 111
751 2363 837 2422 ‘lexis
859 2371 990 2441 conposui
1011 2375 1036 2424 et
1055 2367 1089 2424 ut
1108 2363 1273 2424 tessurulae
1295 2362 1352 2440 (sie
1375 2363 1523 2422 Basileon·

316 2479 381 2520 ses:
408 2458 562 2519 emendate
593 2457 662 2516 olim
688 2457 835 2535 impressi)
866 2477 967 2520 omnes
988 2467 1049 2519 arte
1065 2462 1224 2536 pavimento
1246 2463 1337 2534 atque
1358 2457 1525 2518 emblemate

316 2552 542 2614 vermiculato'.’'
643 2548 753 2609 Cicero
775 2553 805 2611 in
826 2559 943 2612 oratore
963 2555 1010 2630 44,
1027 2555 1081 2614 149
1102 2551 1130 2610 “.
1143 2598 1149 2610 .
1163 2552 1260 2630 .quod
1281 2553 1364 2629 apud
1386 2553 1526 2613 Lucilium

316 2649 390 2708 scite
411 2648 546 2723 exagitat
564 2646 595 2703 in
617 2645 749 2704 Albucio
772 2645 928 2723 Scaevola,
950 2645 1048 2724 ‘quam
1069 2646 1167 2723 lepide
1187 2641 1280 2716 λίξιις
1299 2652 1525 2725 compostae...

316 2749 379 2803 arte
395 2747 555 2819 parimodo
571 2785 596 2799 ..
610 2785 616 2797 .
629 2741 857 2800 vermiculato'.”
946 2740 1030 2802 Idem
1044 2741 1075 2800 in
1089 2741 1185 2800 Bruto
1201 2737 1246 2814 to,
1261 2737 1319 2800 2t4
1332 2740 1466 2800 “nullum
1480 2740 1525 2799 nisi

316 2839 383 2897 loco
408 2837 536 2912 positum
562 2841 592 2896 et
617 2839 768 2912 tamquam
792 2835 821 2893 in
851 2835 1042 2895 vermiculato
1067 2836 1258 2906 emblemate,
1279 2838 1313 2894 ut
1334 2836 1377 2894 ait
1391 2836 1526 2909 Lucilius,

317 2939 459 2993 structum
480 2930 601 2991 verbum
615 2929 759 2990 videres.'’
837 2929 952 2990 Plinius
968 2930 1037 2991 hist.
1051 2936 1113 2990 nat.
1125 2945 1229 3004 xxxvr,
1244 2930 1291 3004 25,
1306 2931 1343 2988 61
1359 2928 1526 3008 “Frequen-

316 3033 381 3087 tata
400 3044 470 3086 vero
490 3013 661 3102 pavimenta
680 3031 750 3084 aute
770 3025 951 3086 Cimbricum
972 3026 1105 3101 (bellum)
1128 3041 1237 3100 magna
1257 3024 1357 3100 gratia
1372 3026 1527 3084 animorum

316 3121 425 3179 iudicio
446 3128 491 3180 est
511 3119 684 3178 Lucilianus
711 3118 761 3178 ille
787 3137 892 3179 versus
919 3119 994 3179 ‘arte
1009 3124 1163 3196 pavimenti
1186 3117 1242 3197 (sic
1269 3118 1368 3178 codex
1390 3119 1526 3180 Bamber·

318 3215 418 3290 gensis
439 3216 561 3291 aliique:
583 3213 633 3271 alii
652 3213 825 3292 pavimenta)
842 3214 1091 3274 ...vermiculato
1113 3214 1316 3290 (caniculares
1329 3213 1527 3290 Bambergen·

318 3307 407 3384 sis)'.''
505 3308 707 3382 Quintilianus
723 3310 806 3384 nr,4,
823 3309 877 3367 113
899 3305 926 3367 “.
938 3354 943 3367 .
956 3353 963 3367 .
976 3308 1000 3367 si
1021 3307 1141 3384 quidem
1161 3307 1265 3366 relicto
1285 3325 1382 3366 rernm
1404 3307 1527 3385 pondere

318 3420 355 3463 ac
378 3404 474 3464 nitore
500 3408 672 3479 contempto
692 3402 874 3477 tesserulae,
895 3402 987 3462 nteit
1010 3403 1158 3478 Lucilius,
1179 3408 1273 3461 struet
1293 3405 1324 3461 et
1344 3402 1528 3462 vermiculate

317 3500 393 3557 inter
414 3516 445 3558 se
466 3499 541 3558 lexis
564 3493 762 3556 committet'.'’

394 3593 458 3650 996.
499 3593 606 3653 (licere
627 3591 664 3650 de
679 3590 727 3648 tin.
742 3589 811 3649 bon.
828 3596 857 3649 et
871 3592 939 3650 mal.
951 3609 981 3667 11,
992 3594 1020 3667 8,
1031 3591 1067 3648 23
1090 3588 1251 3667 “Μιιιιιιοι,
1272 3592 1439 3666 elegantes,
1458 3591 1525 3668 opti·

317 3684 371 3744 mis
396 3685 486 3760 cocis,
512 3685 684 3762 pistoribus,
706 3683 832 3761 piscatu,
855 3687 990 3763 aucupio,
1012 3685 1179 3758 venatione,
1201 3685 1248 3744 his
1270 3685 1409 3746 omnibus
1431 3686 1525 3763 exqui-

318 3778 397 3855 sitis,
418 3781 546 3839 ritantes
569 3779 761 3853 cruditatem,
782 3779 889 3855 quibus
912 3778 1019 3838 ‘vinum
1041 3779 1175 3838 defusum
1197 3797 1212 3838 e
1233 3778 1322 3856 pleno
1345 3779 1385 3838 sit
1405 3779 1527 3840 hirsizon

317 3874 372 3950 (sic
401 3873 497 3933 codex
519 3873 675 3932 Palatinus
696 3873 821 3949 primus,
849 3875 974 3950 hrysizon
994 3873 1204 3949 Erlangeusis,
1229 3873 1371 3950 birsipboc
1396 3875 1476 3952 aliil’,
1500 3881 1526 3934 ul

318 3969 360 4027 ait
374 3967 522 4043 Lucilius,
543 3967 603 4026 ‘cui
617 3966 689 4025 nihil
710 3967 779 4024 dnm
793 3968 830 4027 sit
846 3967 890 4026 vis
907 3973 938 4026 et
952 3970 1087 4028 sacculus
1104 3967 1278 4042 abstulerit,
1300 3966 1479 4031 adhibentes
1492 3971 1526 4029 lu-

319 4053 373 4121 dds
394 4067 425 4120 et
439 4080 515 4138 qnae
537 4066 699 4140 sequnntur
714 4107 720 4120 .
733 4107 738 4118 .
753 4061 776 4119 .’'
809 4060 1026 4123 Grammaticus
1047 4062 1084 4122 de
1105 4063 1264 4138 generibus
1285 4061 1435 4122 nominum
1457 4082 1475 4123 a
1493 4065 1525 4122 M.

318 4156 453 4233 Hauptio
473 4157 569 4216 editus
590 4175 620 4233 p.
636 4158 674 4216 98
695 4154 828 4217 “Saccus
849 4158 969 4232 generis
988 4156 1157 4234 masculini,
1182 4163 1215 4218 ut
1235 4156 1335 4217 Varro
1356 4155 1467 4218 ‘vinum
1487 4156 1527 4217 eui

320 4249 391 4309 nihil
415 4251 551 4312 saeculus
574 4249 732 4312 abstulit'.''
1242 4249 1245 4258 '

320 4372 529 4386 ——u-—u—

396 4433 461 4491 995.
483 4430 604 4494 *Ocni
622 4431 770 4492 commin
790 4430 879 4493 Lucr.
899 4449 928 4510 p.
942 4433 979 4490 29
1000 4437 1030 4492 et
1048 4431 1114 4492 292.
