3202 5180
323 386 356 426 pv
841 372 1005 412 rahararro

321 535 398 619 frui,
433 534 550 599 multos
581 552 684 598 annos
710 531 870 616 Hauptius
897 493 966 596 non·
988 530 1167 616 respondit,
1201 551 1240 596 ao
1265 531 1424 616 paulatim
1453 536 1531 603 haec

321 711 396 775 spes
415 689 518 755 omnis
534 687 710 770 aliquando
726 687 885 753 reclusum
901 685 938 750 iri
954 685 1038 749 hunc
1054 683 1238 750 thesaurum
1254 693 1288 750 ut
1302 706 1392 753 vana
1407 687 1533 755 abiecta

321 849 378 909 est.
433 842 551 906 Verum
587 840 726 925 Hauptio
760 841 831 924 ipro
865 857 975 903 mense
1008 836 1182 903 Februario
1217 838 1295 903 anni
1327 861 1531 904 uncoonxxrv

322 994 440 1060 acerba
462 998 563 1058 morte
585 993 754 1077 absumpto
778 1011 849 1056 cum
870 989 965 1055 amici
987 990 1056 1055 cius
1085 988 1251 1054 consilium
1274 991 1393 1059 inirent
1415 992 1533 1058 edendi

321 1149 348 1214 si
383 1165 448 1230 qua
480 1145 609 1212 edenda
644 1105 840 1231 reliquisset,
875 1149 1056 1230 protractae
1090 1149 1164 1209 sunt
1196 1163 1268 1208 cum
1301 1145 1376 1210 aliis
1403 1146 1532 1213 chartac

323 1300 511 1366 Lucilianae
560 1302 812 1384 suscitatumque
855 1305 904 1364 est
947 1295 1026 1362 illud
1076 1295 1141 1374 iam
1178 1297 1379 1382 consopitum
1418 1299 1532 1364 Lucilii

323 1454 579 1522 Lachmanniani
621 1453 826 1521 desiderium.
886 1455 1000 1536 ltaque
1036 1471 1107 1516 rum
1145 1408 1207 1535 ego
1244 1435 1416 1565 anqtumno
1454 1453 1532 1518 anni

318 1629 522 1673 uncccnxxrv
539 1608 721 1673 Beroliuum
737 1608 908 1691 venissem,
929 1607 1127 1690 provinciam
1143 1605 1277 1690 Hauptii
1293 1605 1381 1671 obitu
1396 1625 1532 1672 vacuam

319 1764 439 1829 factam
467 1761 626 1845 aditurus,
654 1760 844 1826 Theodorus
866 1761 1095 1844 Mommsenus,
1124 1759 1256 1844 Hauptii
1279 1765 1310 1825 ct
1332 1759 1546 1836 Lachmannix

319 1917 395 1982 dum
422 1917 457 1982 in
484 1913 567 1981 vivis
595 1919 686 1979 erant
712 1913 882 1979 familiaris
910 1914 1061 1998 idemque
1089 1913 1166 1979 mihi
1188 1913 1302 1980 favens
1329 1918 1361 1978 et
1387 1913 1531 1999 cupiens,

319 2088 443 2135 mecum
466 2067 507 2133 de
529 2065 771 2134 edendilibelli
793 2086 870 2133 cura
891 2067 1099 2152 suscipienda
1121 2067 1204 2150 egit:
1239 2071 1271 2130 et
1294 2085 1355 2148 ego
1376 2067 1532 2152 inspectis

270 2275 273 2280 .
319 2243 403 2306 quac
420 2228 541 2312 parata
561 2228 654 2288 erant
673 2241 744 2288 cum
758 2226 792 2287 ct
805 2239 901 2306 posse
916 2221 996 2287 haec
1011 2219 1064 2286 edi
1078 2225 1112 2285 et
1126 2219 1247 2285 editum
1269 2219 1308 2284 iri
1324 2239 1395 2284 cum
1412 2240 1534 2304 magno

317 2377 494 2442 litterarum
531 2376 745 2441 emolumento
777 2375 856 2440 mihi
887 2374 1134 2459 persuasissem,
1170 2374 1280 2458 accepi
1311 2373 1533 2441 condicionem

318 2534 506 2612 tantumque
535 2526 653 2594 exinde
682 2527 757 2595 huic
785 2527 890 2594 officio
923 2546 1041 2612 operae
1066 2526 1208 2611 impendi
1241 2534 1395 2611 quantum
1423 2530 1532 2596 multis

318 2665 456 2747 distento
482 2679 619 2764 negotiis
642 2680 676 2746 in
696 2680 758 2747 hac
779 2681 920 2748 novitate
944 2700 1050 2746 rerum
1071 2681 1171 2748 licuit.

402 2837 521 2900 Parata
544 2841 650 2902 autem
674 2836 796 2904 offendi
811 2836 900 2921 haec,
924 2836 1060 2921 primum
1075 2836 1270 2902 Lachmanni
1287 2836 1432 2922 schedas,
1457 2839 1531 2904 niti-

267 3017 269 3022 ·
317 2988 452 3055 dissime
468 2989 614 3074 scriptas,
631 2990 664 3055 in
680 3008 803 3057 summo
818 2987 964 3071 margine
976 2993 1155 3054 saturarum
1166 2987 1241 3054 libri
1252 2994 1360 3056 notam
1373 2994 1529 3080 scriptam

316 3145 462 3206 tenentes
495 3142 545 3206 cui
579 3142 731 3226 quodque
759 3141 974 3224 fragmentum
1003 3139 1134 3208 attribui
1162 3141 1286 3208 iuberet
1311 3145 1529 3216 testimonium

316 3299 371 3360 aut
391 3295 475 3360 ratio
491 3294 651 3382 suaderet,
675 3295 797 3362 indicia
813 3311 940 3380 quoquo
957 3313 1195 3377 nonnumquam
1209 3295 1392 3379 propiorem
1409 3320 1529 3385 cogna-

315 3447 435 3512 tionem
464 3447 585 3532 siqua
614 3455 683 3516 erat
711 3449 794 3515 inter
822 3467 955 3514 versus·
968 3447 1050 3516 duos
1080 3452 1136 3534 aut
1161 3448 1271 3533 plures
1299 3450 1527 3544 significantia,

315 3598 390 3665 dein
412 3619 525 3667 versus
542 3601 641 3688 ipsos,
665 3603 853 3670 emendatos
869 3607 923 3668 aut
938 3620 1022 3686 quae
1038 3601 1202 3668 emendari
1220 3609 1317 3688 posse
1337 3607 1529 3693 desperaret

313 3753 479 3838 uncinata,
508 3753 647 3838 denique
674 3757 800 3823 testium
826 3757 927 3824 verba
949 3761 980 3821 et
1001 3734 1242 3823 adnotationem
1266 3757 1413 3847 editoris,
1444 3764 1527 3834 haec

313 3905 359 3971 ita
395 3905 478 3972 inter
511 3927 547 3974 sc
580 3907 721 3975 discreta
755 3911 801 3975 uti
834 3930 918 3976 nunc
940 3910 1094 4000 ¹discreta
1125 3910 1284 3992 leguntur.
1339 3913 1527 3986 Accedebat

313 4058 488 4126 earundem
518 4061 708 4128 schedarum
735 4063 949 4149 apographon
971 4063 1105 4149 Hauptii
1131 4083 1228 4130 manu
1256 4071 1289 4132 et
1315 4067 1424 4136 subtili
1453 4070 1524 4137 dili·

311 4212 421 4292 gentio
447 4212 582 4301 factunm
606 4215 692 4300 quod
714 4215 741 4281 is
764 4217 871 4300 operis
894 4217 1068 4284 traditurus
1091 4223 1176 4283 erat:
1210 4221 1338 4289 notulas
1361 4221 1525 4291 adiecerat
1583 4261 1585 4290 ι

313 4363 428 4452 quibus
451 4367 650 4450 typothetam
673 4388 787 4454 regere
808 4333 977 4456 solemus,
990 4371 1186 4458 praefixerat
1207 4374 1361 4460 indicem,
1385 4376 1523 4444 eundem
1584 4345 1585 4354 ἵ
