3204 5184
313 341 374 408 120
789 345 927 396 1-xxv.
953 347 1033 396 xxx

419 534 558 598 nequam
582 521 614 582 et
635 534 773 599 maguus
795 513 900 600 homo,
924 514 1082 581 laniorum
1104 515 1245 581 immaui’
1271 535 1370 582 canes
1393 522 1438 583 ut.

422 730 580 815 occidunt,
603 729 690 815 lupe,
714 732 873 817 saperdae
895 737 927 798 te
949 738 982 798 et
1003 733 1074 798 iura
1097 733 1196 799 siluri.

329 952 394 1011 1005
417 953 514 1030 atque
536 947 663 1030 aliquos
686 946 731 1011 illi
756 947 797 1012 ab
821 947 915 1014 rebus
938 948 1082 1032 clepsere
1105 948 1250 1034 foroque.

558 1161 696 1240 Oecilius
719 1169 826 1246 pretor
848 1182 890 1229 ue
912 1164 1040 1229 rusticu’
1065 1163 1129 1229 fiat.

690 1383 844 1465 quantum
866 1378 1023 1446 hinnitum
1046 1384 1143 1465 atque
1164 1379 1340 1463 equitatum

395 1694 479 1752 1083.
519 1691 617 1750 Varro
632 1691 667 1749 de
683 1690 786 1764 lingua
801 1689 912 1749 Latina
926 1688 1002 1747 libro
1016 1709 1058 1746 vm
1076 1691 1159 1764 pil,
1171 1691 1207 1749 25
1229 1688 1341 1748 “Dicta
1357 1692 1433 1750 euim
1449 1693 1519 1769 apud
1584 1639 1587 1732 3

316 1793 432 1846 veteres
454 1805 512 1845 una
533 1803 633 1846 canes.
663 1785 763 1861 itaque
784 1785 897 1843 Eubius
920 1782 1062 1843 scribit..
1076 1830 1097 1858 .,
1113 1784 1247 1844 Lucilius
1269 1783 1408 1862 ‘nequam
1425 1806 1518 1846 ...m-

316 1899 418 1938 mamus
439 1898 528 1939 canes
550 1880 617 1939 ut’.”
1276 1911 1280 1918 ·

395 1976 478 2034 1084.
519 1973 619 2032 Varro
635 1973 671 2032 de
686 1973 788 2048 lingua
803 1973 916 2032 Latina
929 1973 1006 2033 libro
1018 1991 1060 2028 vu
1076 1990 1104 2048 p.
1113 1971 1160 2044 74,
1172 1977 1198 2032 8.
1213 1975 1230 2032 9
1252 1971 1365 2049 “Apud
1383 1975 1520 2034 Lucilium

318 2073 408 2144 ...et
429 2067 579 2128 ‘occidunt
598 2069 674 2143 iupus
694 2086 762 2144 aper
782 2070 815 2126 dc
835 2073 864 2126 te
880 2113 886 2128 .
900 2114 906 2127 .
920 2113 926 2127 .
939 2067 1028 2127 siluri’
1045 2067 1227 2144 ...piscium
1250 2069 1370 2129 uomina
1385 2077 1458 2144 sunt,
1479 2088 1519 2128 eo·

319 2182 439 2242 rumque
461 2162 490 2220 iu
512 2161 641 2221 Graecia
661 2162 772 2237 origo.'’

396 2260 477 2318 1085.
519 2255 618 2315 Varro
633 2255 670 2314 de
684 2256 786 2331 lingua
802 2255 914 2314 Latina
931 2255 1010 2313 libro
1026 2275 1065 2312 vrr
1088 2257 1172 2332 p.80,
1182 2258 1217 2314 18
1238 2255 1353 2334 “Apud
1369 2257 1519 2316 himerium

317 2354 416 2431 ‘atque
438 2351 553 2428 aliquos
575 2369 615 2406 rm
633 2352 754 2410 ...loro
776 2350 839 2426 qui'.
874 2350 1010 2424 clepsere
1034 2348 1110 2408 dixit
1130 2349 1208 2408 uude
1230 2351 1320 2408 etiam
1342 2352 1392 2409 alii
1413 2352 1519 2428 clepere

317 2447 487 2526 (legendum
500 2447 552 2504 ulii
565 2443 678 2520 clepere,
698 2466 717 2503 c
731 2442 859 2521 clipcre),
874 2443 905 2501 id
920 2448 967 2502 est
981 2443 1138 2518 corripere.
1171 2462 1294 2519 quorum
1311 2445 1396 2518 origo
1413 2445 1519 2517 aelam,

319 2551 352 2601 ut
369 2543 407 2600 sit
424 2541 534 2599 dictum
556 2540 687 2615 clepere,
709 2539 788 2598 uude
810 2540 939 2615 clepere,
961 2556 979 2593 rr
997 2554 1035 2594 ex
1050 2555 1066 2592 r
1083 2536 1288 2615 (Florentiuus
1303 2549 1330 2596 et
1341 2558 1374 2596 ac
1385 2539 1429 2616 eo)
1448 2557 1519 2598 com·

316 2641 438 2710 mutato,
460 2641 491 2692 ut
511 2633 611 2692 multa.
643 2641 743 2710 potest
763 2634 810 2692 vel
832 2651 851 2691 a
870 2630 990 2690 Graeco
1013 2631 1123 2690 dictum
1145 2633 1255 2709 cleptim
1276 2635 1421 2709 clepere.''

397 2731 479 2788 1086.
519 2727 618 2787 Varro
644 2728 680 2788 de
706 2729 809 2804 lingua
836 2725 949 2786 Latina
971 2726 1048 2785 libro
1067 2715 1109 2784 vir
1129 2745 1158 2802 p.
1174 2731 1220 2801 80,
1239 2729 1277 2790 32
1305 2726 1369 2786 “Iu
1396 2730 1518 2804 pluribus

316 2823 415 2884 verbis
432 2842 449 2880 r
464 2830 534 2881 ante
547 2842 565 2879 a
580 2823 630 2882 alii
651 2831 773 2901 ponunt,
795 2823 848 2882 alii
867 2821 940 2893 'non3
962 2827 994 2880 ut
1014 2821 1095 2898 quod
1117 2808 1349 2898 partim‘dicuut
1371 2831 1518 2898 sceptrum,

316 2934 409 3012 (adde
421 2944 577 3010 scoepbam
587 2935 658 3011 aiii)
674 2935 722 2993 alii
736 2935 837 2994 Plauti
850 2909 1054 2994 finemuicem
1067 2933 1118 2992 alii
1130 2909 1335 2993 fdueratricem
1347 2932 1444 3007 (immo
1448 2937 1518 3008 scne-

315 3045 467 3120 ratricem),
482 3047 524 3104 sic
535 3025 671 3107 l'duisicia
682 3065 718 3107 ac
729 3045 883 3106 foeuisicia
896 3047 1057 3120 (smisicic),
1073 3061 1110 3104 ac
1121 3045 1224 3106 rustici
1237 3045 1378 3121 Pappum
1392 3045 1518 3104 maesium

316 3159 376 3198 non
391 3140 531 3199 moesiam
547 3139 631 3217 (puto
647 3143 779 3218 Pappum
792 3149 912 3210 maium,
924 3159 980 3197 ace
993 3139 1143 3214 maestum).
1165 3157 1187 3200 a
1202 3157 1260 3216 quo
1277 3140 1412 3199 Lucilius
1427 3139 1518 3198 scribit

318 3235 435 3292 ‘cecilius
458 3251 494 3292 no
518 3235 646 3295 rusticus
672 3235 758 3296 fiat’.”
856 3232 1017 3293 Diomedes
1038 3252 1067 3312 p.
1083 3234 1139 3296 447
1165 3233 1389 3295 “Detractiouis
1413 3234 1516 3310 species

318 3334 387 3388 sunt
402 3345 496 3404 aeque
511 3335 660 3404 quattuor,
681 3329 865 3389 detractione
884 3327 1036 3405 temporis,
1057 3329 1183 3404 litterae,
1204 3330 1349 3405 syllabae,
1374 3328 1515 3406 aspiratio·

318 3424 373 3481 nis.
401 3469 452 3482 ...
473 3423 599 3498 litterae,
620 3429 652 3482 ut
670 3423 761 3500 siquis
783 3422 919 3483 detracta
939 3441 957 3481 a
976 3423 1075 3481 littera
1094 3429 1195 3499 pretor
1216 3423 1307 3498 dicat,
1329 3428 1363 3483 ut
1384 3423 1514 3482 Lucillius

316 3517 421 3594 ‘pretor
441 3534 477 3575 ue
498 3517 625 3576 rusticus
647 3517 715 3591 fiat’,
736 3536 801 3576 cum
823 3517 932 3577 debeat
953 3535 987 3577 ae
1009 3517 1193 3595 pronuntiari
1213 3525 1343 3593 praetor,
1366 3517 1417 3576 sed
1433 3523 1512 3576 struo-

316 3617 399 3670 turae
420 3612 518 3686 gratia
539 3611 655 3687 syllaba
675 3611 766 3686 longa
786 3612 968 3688 corripitur.''
1048 3612 1093 3690 (rx
1101 3610 1125 3688 i)

395 3703 480 3765 1087.
521 3705 619 3764 Varro
640 3705 677 3764 de
697 3705 803 3781 lingua
824 3707 935 3768 Latina
955 3707 1034 3768 libro
1050 3726 1091 3765 vu
1112 3725 1140 3783 p.
1150 3708 1196 3780 81,
1208 3707 1246 3764 32
1268 3705 1387 3766 “Multa
1407 3706 1442 3764 ab
1459 3705 1511 3762 ari·
1588 3779 1589 3784 η

316 3799 434 3858 melium
455 3799 579 3858 vocibus
599 3801 708 3859 tralata
727 3800 757 3858 iu
777 3799 928 3876 bomines;
954 3803 1062 3879 partim
1087 3819 1164 3878 quae
1185 3806 1253 3860 sunt
1274 3811 1393 3879 aperta,
1418 3799 1511 3878 partim

316 3894 453 3953 obscura.
486 3893 649 3970 perspicua
667 3902 700 3954 ut
714 3940 721 3954 .
734 3941 740 3954 .
753 3941 759 3954 .
771 3895 902 3955 eiusdem
924 3895 1075 3974 ‘quantum
1089 3941 1096 3955 .
1109 3941 1115 3954 .
1129 3940 1135 3954 .
1148 3895 1348 3971 equitatum'.''

315 4062 517 4074 ——u——-—

394 4184 477 4242 1083.
519 4180 597 4241 Olim
620 4185 796 4241 correctum.

395 4262 478 4319 1084.
520 4258 678 4317 Turnebus
700 4258 836 4319 restituit.

395 4339 477 4396 1085.
511 4340 633 4413 foroque
658 4335 804 4411 Scaliger.

396 4416 478 4473 1086.
516 4413 562 4472 De
584 4413 771 4492 correptione
792 4411 950 4474 Diomedes
971 4413 1092 4474 fallitur.

1582 1909 1588 1966 l
