3204 5184
312 401 354 465 68
554 483 558 490 ἡ
866 401 959 453 xxv1

420 571 470 635 sin
485 576 592 637 autem
607 571 667 636 hoe
682 571 809 658 vident,
833 573 919 640 bona
938 589 1065 659 semper
1080 577 1190 656 petere
1206 574 1387 657 sapientem
1402 580 1537 660 putant

419 762 516 828 porro
539 697 642 810 amici
657 750 706 810 est
727 745 808 811 bene
830 744 1030 830 praecipere,
1054 744 1153 809 Tusci
1174 744 1257 810 bene
1279 744 1493 829 praedicere.

560 917 647 999 quod
670 917 698 982 is
720 916 943 1002 intellegebat,
966 936 1063 1000 posse
1085 915 1172 980 haud
1194 936 1318 1001 paucos
1341 916 1468 983 rettuli.

333 1092 382 1153 616
421 1087 571 1174 quodque
593 1095 625 1154 te
647 1089 680 1153 in
695 1088 903 1173 tranquillum
925 1106 965 1152 ex
981 1087 1088 1153 saevis
1104 1087 1254 1154 transfert
1268 1089 1537 1174 tempestatibus.

421 1282 491 1326 cum
513 1259 619 1328 stadio
643 1261 677 1326 in
699 1260 885 1345 gymnasio,
909 1259 942 1324 in
958 1255 1102 1346 [duplici]
1120 1278 1236 1345 corpus
1257 1261 1438 1328 siccassem
1453 1262 1536 1347 pila,

420 1434 506 1500 hunc
526 1433 670 1499 laborem
693 1451 816 1516 sumas,
840 1430 970 1495 laudem
994 1430 1050 1515 qui
1072 1430 1131 1497 tibi
1155 1451 1194 1497 ac
1215 1432 1355 1499 fructum
1379 1433 1476 1499 ferat.

321 1629 323 1634 ·
420 1623 527 1690 neque
549 1605 638 1690 prius
661 1624 756 1688 quam
780 1623 882 1669 venas
904 1602 1041 1668 hominis
1063 1603 1169 1685 tetigit
1191 1624 1230 1670 ac
1250 1606 1465 1692 praecordia,

420 1783 509 1842 tuam
531 1775 699 1861 probatam
724 1775 768 1840 mi
791 1782 822 1840 et
844 1779 1020 1859 spectatam
1043 1793 1191 1840 maxume
1214 1775 1472 1843 adulescentiam

331 1955 377 2013 616
419 1947 495 2032 quid
519 1945 697 2014 cavendum
718 1944 777 2011 tibi
801 1964 978 2030 censerem,
1002 1944 1080 2028 quid
1102 1945 1271 2011 vitandum
1293 1967 1459 2016 maxume.

392 2153 457 2215 667.
497 2154 613 2214 Nonius
633 2171 662 2229 p.
678 2150 745 2225 367,
764 2154 799 2210 10
820 2149 964 2227 “Petere
986 2169 1110 2229 cupere,
1137 2159 1288 2229 appetere.
1316 2198 1371 2213 ...
1392 2153 1531 2214 Lucilius

308 2253 366 2311 lib.
381 2269 455 2308 xxvi
476 2249 532 2310 ‘sin
547 2295 553 2308 .
567 2295 573 2308 .
585 2293 592 2307 .
604 2265 643 2304 nn
663 2245 803 2323 putaut'.”
866 2237 869 2243 ’

393 2348 458 2405 608.
498 2343 616 2404 Nonius
636 2360 665 2417 p.
677 2339 773 2408 3726
795 2340 998 2416 “Praecipere
1017 2345 1063 2399 est
1076 2340 1177 2402 iubere
1192 2342 1238 2400 vel
1252 2360 1381 2403 monere.
1403 2388 1430 2404 ..
1445 2389 1452 2403 .
1470 2343 1530 2403 Lu·

314 2441 398 2500 cilius
419 2440 471 2501 lib.
486 2457 560 2496 xxvr
581 2436 679 2513 ‘porro
695 2482 701 2494 .
716 2481 723 2494 .
736 2479 742 2494 .
756 2453 850 2492 nunni
871 2435 946 2495 bene
967 2436 1199 2494 rnnxnrcnnn'J’

309 2537 312 2542 ’
391 2537 474 2593 606·
497 2532 612 2591 Νο6166
633 2549 662 2607 p.
672 2533 738 2604 381,
752 2531 790 2588 23
812 2528 956 2588 “Referre
978 2528 1127 2602 significat
1146 2531 1277 2606 perferre
1298 2530 1469 2608 (proferre),
1489 2534 1530 2592 in·

314 2628 423 2687 dicare.
507 2625 640 2684 Lucilius
661 2625 712 2684 lib.
723 2642 797 2684 xxvi
818 2623 909 2702 ‘quod
928 2623 954 2682 is
976 2641 1212 2681 666666666666
1227 2626 1409 2704 (intellepedat
1424 2627 1531 2688 Iunius

314 2726 345 2812 et
364 2719 528 2798 Mercerus)
543 2766 549 2780 .
562 2766 569 2780 .
582 2766 589 2779 .
602 2718 723 2778 retuli’.”

392 2819 457 2886 610.
497 2814 528 2873 N
530 2814 614 2872 cuius
633 2833 662 2890 p.
674 2815 741 2887 388,
754 2814 789 2870 16
810 2809 958 2872 “Saevum
975 2809 1083 2868 dicitur
1096 2811 1214 2870 immite.
1237 2813 1376 2872 ...idem
1393 2814 1448 2874 lib.
1458 2835 1531 2874 xxvi

314 2911 465 2987 ‘quodque
484 2916 513 2968 te
534 2908 564 2966 in
584 2919 609 2966 te
628 2912 658 2967 ic
677 2907 866 2982 tranquillum
882 2950 888 2963 .
902 2949 908 2963 .
920 2950 927 2963 .
939 2923 1096 2962 66666666
1117 2907 1383 2983 tempestatibus'.”

307 3067 311 3074 ,
392 3007 457 3063 611.
497 3002 613 3061 Nonius
641 3019 670 3078 p.
686 3004 752 3074 394,
772 3000 808 3056 28
835 2997 990 3072 “Siccam
1018 3000 1193 3060 exercitum.
1227 3002 1361 3061 Lucilius
1386 3002 1439 3062 lib.
1456 3021 1530 3061 xxvi

314 3097 389 3158 ‘cum
408 3144 415 3157 .
433 3144 439 3156 .
454 3143 461 3156 .
475 3098 505 3156 in
526 3096 638 3173 duplici
657 3141 663 3154 .
680 3141 687 3154 .
706 3142 712 3154 .
728 3111 816 3150 ercis
838 3093 894 3169 (sic
914 3095 1126 3154 Basilcenses:
1149 3097 1211 3171 pita
1232 3095 1336 3155 lunius
1358 3101 1389 3155 et
1407 3096 1529 3156 Merce-

310 3193 413 3268 ‘rusynn

390 3287 455 3345 612.
495 3285 611 3344 Nonius
626 3284 760 3361 p.396,9
782 3281 934 3360 “Sumere,
949 3282 1110 3360 suscipere.
1134 3283 1270 3343 Lucillus
1284 3284 1336 3344 lib.
1346 3302 1420 3344 xxvr
1439 3282 1528 3343 ‘hunc

310 3381 321 3441 '.
338 3427 364 3441 ..
377 3381 488 3440 ferat’.”

318 3489 319 3492 ’
390 3461 455 3535 613.
495 3473 612 3535 Nonius
638 3491 667 3550 p.
682 3473 749 3547 466,
763 3474 801 3531 24
826 3471 1005 3547 “Tangere,
1030 3472 1194 3548 inspicere.
1231 3472 1367 3532 Lucilius
1387 3472 1439 3532 lib.
1454 3492 1528 3530 xxm

313 3566 449 3629 ‘nsuunn
470 3570 526 3646 (sic
546 3569 739 3628 Basileenses
761 3575 791 3628 ct
812 3567 880 3626 clim
900 3569 1056 3645 impressi:
1081 3586 1166 3645 aeque
1186 3566 1290 3626 Iunius
1311 3575 1342 3626 et
1362 3567 1527 3643 Mercerus)

312 3663 394 3739 prius
411 3708 454 3722 ...
467 3663 679 3740 praecordia'.”

314 3757 316 3763 '
391 3758 455 3824 614.
500 3757 616 3816 Nonius
642 3776 671 3834 p.
686 3755 753 3830 437,
775 3758 809 3814 13
836 3755 1025 3815 “Probaturn
1050 3763 1080 3817 ct
1105 3763 1272 3834 spectatum
1294 3762 1312 3801 *
1334 3757 1379 3816 vis
1404 3757 1527 3816 maioris

314 3858 376 3912 est.
404 3851 537 3910 Lucilius
559 3853 609 3911 lib.
625 3871 699 3909 xxvi
720 3851 810 3914 ‘tuam
826 3850 953 3910 ...mihi
973 3856 1025 3912 et'.
1038 3897 1045 3912 .
1058 3898 1064 3912 .
1076 3851 1345 3912 adnleseentiam'.”
1469 3857 1473 3866 '

389 3949 455 4006 616.
496 3947 612 4006 Νο6ἰ66
633 3965 662 4023 p.
675 3943 742 4019 437,
754 3947 791 4003 22
812 3943 916 4003 “Inter
936 3960 1042 4006 cavere
1063 3956 1092 4006 ct
1112 3948 1205 4007 vitare
1221 3945 1356 4005 Lucilius
1377 3963 1445 4004 esse
1468 3945 1528 4004 dis·

310 4041 436 4101 tantiam
463 4041 571 4114 voluit,
597 4040 648 4100 lib.
664 4059 751 4116 xxvi,
776 4046 806 4100 et
831 4057 899 4099 esse
924 4041 992 4118 plus
1021 4041 1128 4102 vitare.
1165 4041 1247 4118 ‘quid
1261 4086 1269 4101 .
1282 4086 1288 4102 .
1301 4085 1308 4101 .
1321 4058 1462 4123 cessurus
1478 4085 1485 4098 .
1499 4084 1526 4099 ..

311 4135 488 4194 maxume'.”‘
567 4155 570 4160 ¹

308 4352 312 4360 ·
389 4315 454 4376 667.
495 4326 521 4375 et
540 4314 653 4375 delevit
673 4315 785 4375 Iunius.
844 4272 846 4281 Ι

388 4397 453 4452 608.
495 4393 636 4453 Correxit
656 4395 814 4452 Mercerus.

389 4472 453 4528 616.
495 4474 629 4547 accesert
646 4470 738 4530 Ianus
758 4471 875 4543 Dosse,
898 4469 1032 4543 accesere
1056 4468 1105 4530 Fr.
1125 4470 1232 4530 Dousa
1252 4477 1283 4530 et
1301 4471 1466 4531 Mercems.
