3204 5184
880 363 932 414 XV

321 609 332 624 ‚
416 534 451 600 in
472 552 606 600 numero
629 551 763 616 quorum
785 551 869 596 nnnc
891 530 1004 616 primu’
1028 527 1200 594 Trebelliu’
1223 525 1354 592 multost

414 636 537 702 Luciu’:
560 655 635 700 nam
659 641 754 702 sanat
776 635 885 719 febris,
909 634 1041 718 senium,
1064 631 1225 715 vomitum,
1248 651 1318 715 pus.

416 789 545 856 vilicum
567 788 807 873 Aristocratem,
830 787 1081 871 medicaminum,
1105 792 1202 869 atque
1224 784 1394 851 bubulcum

415 890 687 958 conmanducatus
710 892 864 976 conrupit,
888 889 932 956 ad
953 890 1052 956 incita
1073 888 1192 972 adegit.

322 1054 374 1112 426
412 1066 495 1130 quae
518 1044 640 1129 gallam
662 1042 774 1110 bibere
796 1062 834 1108 ao
855 1062 954 1125 rugas
977 1041 1156 1108 conducere
1178 1039 1301 1106 ventris

415 1149 501 1215 farre
524 1166 667 1231 aceroso‚
691 1146 797 1230 oleris,
821 1144 996 1212 decumano
1019 1165 1102 1228 pane
1126 1144 1238 1226 coligit.

522 1272 524 1277 ¹
611 1311 704 1358 nemo
727 1297 776 1356 est
797 1291 963 1357 halicariu'
987 1289 1147 1375 posterior
1168 1296 1209 1356 te.

330 1447 334 1462 '
409 1440 503 1524 hunc,
527 1437 604 1502 milli
628 1457 758 1522 passum
783 1439 837 1522 qui
859 1438 974 1503 vicerit
996 1443 1094 1522 atque
1118 1436 1252 1519 duobus,

413 1544 599 1625 Campanus
622 1540 752 1624 sonipes
776 1560 945 1606 succussor
966 1540 1064 1604 nullu'
1087 1545 1236 1622 sequetur

322 1653 372 1712 425
411 1645 531 1712 maiore
554 1643 587 1707 in
610 1642 725 1728 spatio,
749 1662 788 1709 ae
810 1644 948 1710 diversu'
972 1642 1133 1710 videbitur
1155 1641 1213 1706 ire.

304 1755 515 1773 ψ

382 1801 448 1858 416.
486 1796 603 1857 Nonius
630 1816 660 1874 p.
676 1799 703 1873 2,
724 1796 759 1858 21
781 1798 935 1858 “Lucilius
963 1804 1130 1860 saturarum
1153 1797 1204 1855 lib.
1219 1813 1260 1851 xv
1287 1793 1326 1851 ‘in
1341 1839 1347 1854 .
1361 1839 1388 1853 ..
1405 1792 1512 1869 primus

304 1895 456 1956 trebellius
479 1910 606 1950 uurros
621 1909 713 1949 rrros
733 1910 843 1950 pucros
865 1877 1048 1951 nnucnsrsnr
1067 1892 1157 1951 febris
1173 1891 1370 1965 ...nnuspras
1384 1887 1451 1946 olim
1464 1887 1513 1945 im·

304 1987 448 2066 pressi)'.”
918 1977 920 1982 ’
1277 1989 1278 1994 ’

381 2083 450 2142 418.
490 2081 606 2142 Nonius
628 2100 656 2158 p.
674 2082 737 2154 123,
752 2080 790 2137 26
811 2078 944 2140 “lucitas
966 2080 1073 2140 dicitur
1093 2088 1222 2158 egestas.
1309 2077 1390 2136 idem
1409 2076 1460 2136 lib.
1477 2095 1515 2134 xv

305 2175 433 2236 ‘vilicum
460 2180 737 2254 orapistoprataa...
754 2175 891 2252 adegit'.”
989 2175 1073 2234 Idem
1099 2177 1215 2236 Nonius
1242 2194 1271 2251 p.
1294 2173 1402 2248 143,6
1428 2171 1513 2229 “Me-

306 2270 466 2331 diastrinos
488 2289 545 2330 non
565 2272 749 2345 balnearum,
776 2270 830 2328 sed
851 2269 1002 2330 ministros
1024 2277 1054 2330 et
1075 2277 1225 2330 curatores
1246 2267 1363 2327 aedium
1383 2265 1515 2341 legimus,

306 2366 439 2425 Lucilius
454 2366 506 2425 lib.
521 2379 591 2420 nrm
609 2363 734 2424 ‘vilicum
750 2364 1001 2424 ...bubulcum'.’'
1080 2365 1165 2424 Idem
1186 2382 1214 2440 p.
1228 2361 1294 2438 479,
1310 2363 1328 2418 3
1346 2359 1514 2420 “Conmen-

305 2461 438 2521 dncatur.
461 2504 506 2519 ...
530 2459 607 2518 idem
629 2460 679 2518 lib.
693 2479 734 2517 xv
754 2457 880 2519 ‘vilicum
895 2504 902 2518 .
915 2503 940 2518 ..
955 2463 1144 2518 maiaatrr'aaoa
1155 2504 1161 2519 .
1174 2503 1199 2518 ..
1216 2454 1470 2517 commanducatus
1489 2463 1517 2510 at
1591 2440 1596 2467 ⁴

306 2554 436 2630 corrupit
450 2599 456 2612 .
468 2600 474 2612 .
488 2599 494 2612 .
510 2553 651 2628 adegit'.’'
1060 2550 1062 2553 ’

380 2649 446 2707 420.
487 2649 603 2707 Nonius
625 2667 653 2724 p.
668 2649 736 2724 445,
756 2651 790 2707 18
812 2646 998 2707 “Acerosum
1025 2664 1151 2724 namque
1177 2662 1284 2722 panem
1310 2644 1390 2703 ferre
1412 2647 1514 2720 (sarra)

305 2741 401 2801 minus
423 2743 563 2817 purgatio
587 2746 741 2820 (purpura),
770 2759 824 2800 nec
845 2741 982 2802 sordibus
1012 2744 1147 2813 (sordido)
1170 2758 1188 2798 a
1214 2737 1340 2799 candido
1369 2744 1517 2814 separato,

306 2836 461 2896 dicendum
477 2844 593 2896 veteres
607 2844 793 2913 putaverunt.
825 2836 957 2895 Lucilius
976 2836 1026 2895 lib.
1044 2855 1083 2894 xv
1105 2832 1270 2909 (xnrapud
1284 2832 1415 2908 Iunium)
1433 2831 1517 2908 ‘qnae

305 2932 414 3006 gallam
435 2936 524 2990 aicae
540 2978 545 2991 .
560 2977 585 2990 ..
602 2930 713 2989 ventris
729 2977 735 2990 .
749 2977 773 2990 ..
791 2950 862 2989 oum
884 2931 1048 2988 decumano
1065 2947 1142 3004 pane
1158 2945 1284 2985 cunano
1300 2926 1418 3000 coegit’.
1450 2931 1517 2984 tuno

307 3027 400 3096 (iana)
424 3024 533 3085 Graeci
561 3013 738 3101 αὐτόπυρον
759 3025 892 3083 vocant.'’
974 3024 1088 3082 Paulus
1108 3023 1183 3081 libro
1204 3040 1246 3078 vu
1268 3037 1305 3078 ex
1326 3020 1421 3079 Festo
1438 3038 1467 3096 p.
1484 3017 1517 3076 ‘ll

306 3117 443 3177 “Gallam
464 3121 566 3180 bibere
588 3137 735 3194 acragas
757 3117 922 3176 conducere
941 3122 1028 3176 aratra·
1041 3136 1105 3176 cum
1121 3117 1163 3176 ait
1179 3115 1322 3190 Lucilius,
1344 3117 1520 3191 praemonet
1600 3098 1602 3111 '

305 3212 485 3288 parsimonia
511 3232 578 3274 esse
600 3214 738 3274 utendum
764 3229 859 3288 neque
879 3213 969 3287 gulae
989 3209 1203 3286 indulgendum
1224 3214 1415 3285 ventremque
1436 3224 1518 3268 coar-

305 3306 455 3366 tandum.”
653 3370 654 3373 Ἴ

381 3401 447 3459 422.
488 3397 909 3478 Charisius'p.'15†‘Alicam
939 3401 1001 3458 sine
1028 3399 1232 3476 adspiratione
1261 3397 1371 3457 dictam
1394 3397 1518 3456 Verrius

304 3494 404 3568 tradit,
429 3499 460 3552 et
481 3496 523 3554 sic
545 3496 628 3555 multi
649 3496 802 3567 dixerunt;
830 3493 885 3552 nisi
907 3495 987 3571 qnod
1008 3493 1140 3553 Lucilius
1163 3492 1277 3551 decimo
1298 3492 1403 3568 quinto
1425 3490 1520 3550 ‘nemo

305 3596 351 3648 est
371 3606 573 3646 unnrcnnrsus
594 3591 741 3666 posterior
761 3589 799 3648 te'
821 3590 1110 3667 cumadspirationc
1133 3587 1232 3646 disit.'’

384 3684 450 3741 423.
492 3681 605 3742 Gellius
626 3703 646 3759 1,
664 3686 698 3742 16
724 3689 754 3742 et
780 3700 817 3742 ex
839 3700 875 3742 eo
895 3683 1064 3742 Macrobius
1095 3681 1211 3744 Saturn.
1226 3681 1278 3752 r,5
1301 3679 1337 3738 de
1357 3681 1433 3738 mille
1453 3681 1520 3738 snb·

308 3778 438 3836 stantivo
460 3776 616 3836 “Lucilius
631 3795 752 3836 ...nam
774 3777 803 3837 in
821 3778 897 3837 libro
914 3777 1017 3854 quinto
1038 3776 1152 3834 decimo
1172 3776 1215 3835 ita
1236 3774 1314 3832 dicit.
1345 3772 1435 3832 ‘hunc
1449 3774 1522 3833 milli

306 3874 514 3932 ...sacaaaar
535 3871 692 3945 (subcurror
707 3872 787 3948 apud
801 3869 996 3944 Macrobinm)
1018 3869 1115 3928 nullus
1137 3875 1277 3948 sequetur
1297 3866 1410 3926 maiore
1431 3867 1460 3926 in
1482 3870 1522 3944 (ia

305 3967 392 4026 abest
410 3965 576 4042 Macrobio)
603 3965 699 4041 spatio
715 4010 721 4024 .
735 4010 741 4024 .
754 4011 760 4024 .
772 3965 849 4038 ire'.'’
935 3963 1051 4024 Nonius
1072 3981 1101 4039 p.
1119 3965 1164 4038 16,
1184 3966 1220 4022 31
1246 3961 1452 4024 “Successore
1475 3967 1523 4020 est

305 4077 405 4118 susum
432 4057 603 4137 frequenter
625 4065 773 4118 excutere.
796 4103 842 4118 ...
858 4059 993 4118 Lucilius
1021 4064 1111 4133 satyr.
1132 4058 1243 4118 lib.1111
1259 4055 1393 4136 ...idern
1413 4057 1464 4115 lib.
1480 4074 1521 4112 xv

382 4207 448 4265 426.
496 4204 653 4264 Lucretius
683 4203 719 4262 de
744 4201 839 4260 hicme
867 4213 958 4261 tactas
985 4204 1153 4261 conduxerat
1178 4205 1269 4260 amala
1300 4211 1413 4277 torpor,
1440 4193 1521 4278 apud

309 4279 439 4340 Nonium
458 4301 488 4359 p.
505 4285 572 4356 229,
587 4284 613 4341 2.
718 4282 779 4338 Far
799 4298 939 4338 aceroaao
961 4279 997 4338 de
1018 4281 1099 4354 pulte
1119 4279 1346 4352 intellegendum
1369 4286 1424 4337 est..

307 4361 388 4416 oleris
409 4360 509 4418 dativo
530 4357 636 4434 plurali
660 4357 738 4416 Cato
759 4357 841 4414 dixit.

382 4437 448 4494 422.
488 4438 638 4494 halicarias
658 4435 786 4493 editores
807 4431 944 4494 Charisii.
