3202 5180
648 385 730 434 VIIII

335 552 442 636 seruit,
467 552 573 636 currit,
598 551 685 634 legit.

89 778 146 837 ³3⁰
189 769 286 837 fervit
309 787 394 851 aquo
415 772 448 833 et
470 766 582 851 fervet,
606 765 818 851 servitanus,
842 767 948 834 servet
970 767 1013 832 ad
1037 787 1164 834 annum.

67 970 160 1050 230·
189 1001 336 1048 arnon
365 981 498 1048 multum
521 980 614 1054 obest
635 981 696 1047 hoc
718 981 970 1068 cacosyntheton
993 975 1091 1068 atque
1114 981 1231 1048 canina

185 1084 215 1150 si
238 1085 299 1151 tibi
322 1084 437 1168 lingua
459 1083 543 1170 dico,
567 1082 648 1150 nihil
670 1083 713 1150 ad
737 1103 798 1150 me.

89 1307 165 1366 ³³⁰¹>
191 1319 207 1365 s
230 1304 385 1391 nostrum
398 1304 430 1365 et
451 1297 651 1382 semigraece
676 1296 764 1382 quod
786 1297 913 1364 dicimu'
937 1298 1043 1382 sigma

183 1401 233 1467 nil
255 1400 373 1468 erroris
395 1399 502 1468 habet.

86 1623 160 1682 3300
655 1617 752 1696 atque
775 1632 942 1684 accurrere
964 1616 1089 1683 scribas

184 1717 248 1785 dne
271 1737 346 1784 auc
369 1736 436 1783 non
459 1717 617 1801 estquod
640 1737 778 1802 quaeras
801 1721 897 1800 atque
918 1718 1056 1787 labores.

88 1936 164 2000 ³³⁰⁶
191 1957 196 1968 ·
422 1926 568 1996 abbitere
590 1927 724 1995 multum
748 1936 797 1996 est
819 1928 840 1995 d
862 1928 923 1997 siet
945 1949 987 1996 an
1009 1929 1038 1998 b.

70 2267 159 2350 servo
174 2265 290 2326 dicetur
308 2272 342 2326 nt
359 2266 428 2340 lego
449 2272 479 2324 et
499 2283 597 2339 curre,
619 2265 701 2343 quod
721 2266 806 2326 uobis
827 2266 990 2328 inauditum
1011 2272 1064 2328 est.
1098 2267 1152 2326 sed
1172 2286 1229 2328 uon
1244 2274 1291 2330 est

70 2362 151 2420 haec
173 2378 245 2421 uera
264 2361 466 2437 comparati03
488 2377 556 2419 nsm
569 2361 659 2419 fervit
674 2365 722 2420 est
736 2359 779 2419 illi
793 2361 888 2420 simile
903 2363 1020 2423 servit.’'
1117 2362 1289 2422 Priscianus

70 2475 101 2533 p.
119 2456 179 2516 866
200 2454 335 2513 “Ferveo
363 2472 480 2531 quoque
507 2454 595 2513 etiam
615 2455 698 2514 fervo
722 2457 869 2516 invenitur
935 2455 1070 2516 Lucilius
1091 2457 1188 2517 ‘fervit
1206 2457 1289 2534 (pars

70 2550 220 2609 librorum
228 2548 332 2626 fovet)
347 2566 424 2608 nunc
445 2549 542 2609 servet
561 2549 623 2625 (alii
637 2550 737 2625 jacit)
758 2549 797 2609 ad
812 2551 954 2611 annum'.”
1031 2550 1149 2611 Probus
1169 2570 1198 2628 p.
1215 2551 1289 2612 1413
1305 2539 1310 2548 ’

72 2641 161 2704 “Sed
183 2641 214 2701 in
234 2643 290 2702 hoc
311 2643 403 2702 verbo
423 2649 503 2702 recte
524 2643 697 2720 corripitur,
718 2643 858 2721 quoniam
878 2645 992 2722 antiqui
1012 2645 1129 2705 tertiam
1149 2646 1289 2720 coniuga-

71 2738 188 2798 tionem
208 2736 304 2812 magis
326 2753 415 2814 quam
437 2737 684 2798 secundamesse
705 2738 869 2815 voluerunt,
890 2743 923 2798 ut
942 2738 1075 2798 Lucilius
1096 2739 1194 2799 ‘fervit
1213 2756 1289 2799 nunc

72 2833 173 2891 fervet
194 2829 234 2890 ad
254 2833 397 2891 annum’.”

153 2923 256 2984 330³b.
278 2924 382 2985 Velius
405 2926 530 3002 Longus
551 2944 580 3004 p.
597 2929 674 2986 2214
696 2926 794 2986 “Nam
814 2926 894 3003 apud
910 2927 1057 2986 Lucilium
1077 2927 1106 2984 in
1127 2946 1160 2984 ux
1179 2927 1210 2986 in
1230 2946 1289 3004 quo

73 3021 112 3080 de
137 3019 234 3079 literis
262 3018 394 3098 disputat
420 3038 521 3080 omnes
547 3021 640 3080 vicem
667 3019 844 3097 syllabarum
872 3019 1009 3098 implent,
1034 3038 1100 3079 cum
1120 3020 1192 3082 dicit
1211 3022 1241 3081 ‘c
1258 3041 1290 3082 re

70 3133 134 3174 non
154 3115 279 3174 multum
299 3116 385 3176 abest
405 3113 462 3174 hoc
484 3115 717 3192 cacosyntheton
738 3120 826 3191 atquc
849 3115 957 3175 canina
978 3114 1001 3173 si
1022 3114 1076 3174 tibi
1094 3115 1197 3191 lingua
1211 3115 1288 3192 dico,

72 3207 148 3268 nihil
169 3209 209 3267 ad
230 3209 294 3284 me’,
314 3225 420 3268 nomen
440 3208 497 3269 hoc
517 3209 559 3268 illi
581 3216 635 3268 est.
666 3209 737 3269 item
758 3209 782 3268 ‘s
804 3215 935 3269 nostrum
956 3215 987 3269 et
1005 3209 1188 3286 semigraece
1208 3209 1290 3287 quod
1344 3274 1348 3283 ,

76 3304 205 3364 dicimus
227 3305 322 3380 sigma
339 3304 408 3360 nihil
427 3305 534 3364 erroris
556 3303 665 3364 habet!
694 3309 821 3382 apparet
839 3320 912 3379 ergo
929 3303 1005 3364 haec
1019 3303 1092 3364 nihil
1108 3304 1189 3364 aliud
1203 3321 1290 3381 quom

72 3399 173 3460 locum
195 3398 327 3475 syllabae
348 3399 450 3458 tenere
471 3415 527 3456 nec
547 3404 646 3458 tamen
669 3399 816 3475 syllabam
836 3398 949 3457 scilicet
969 3398 1065 3457 esse.”

153 3495 234 3554 3300.
273 3490 379 3551 Velius
401 3493 527 3567 Longus
548 3511 576 3568 p.
591 3493 666 3552 2225
688 3489 760 3553 “Sic
780 3493 810 3551 in
830 3491 875 3550 his
897 3492 1032 3568 partibus
1053 3492 1195 3553 orationis
1211 3510 1288 3570 qnae

72 3587 223 3666 incipiunt
243 3604 261 3645 a
279 3586 365 3646 litera
381 3603 398 3644 c
414 3604 473 3645 non
493 3587 582 3646 facile
602 3592 703 3664 potest
723 3585 780 3646 hac
801 3586 1020 3662 praepositione
1042 3586 1162 3648 admota
1182 3604 1289 3647 sonare

73 3683 205 3742 dlitera.
236 3680 311 3741 haec
332 3680 467 3740 similiter
480 3681 566 3739 litera
586 3681 753 3757 geminatur
773 3680 803 3738 iu
824 3697 860 3739 eo
881 3681 961 3758 quod
982 3690 1029 3741 est
1049 3682 1138 3759 capio
1158 3682 1288 3760 accipio:

73 3780 178 3856 itaque
199 3777 334 3836 Lucilius
356 3775 456 3852 ‘atque
478 3775 714 3836 ....lsbores'.''
804 3845 808 3851 ¹
960 3839 962 3842 ,

153 3869 246 3931 330⁶.
287 3870 373 3929 Idem
398 3868 508 3928 ibidem
535 3869 670 3930 “Abbire
698 3869 831 3947 (obticere
851 3869 886 3930 (l.
906 3869 943 3930 L.
966 3869 1179 3947 Schneiderus)
1200 3871 1288 3931 etiam

78 3967 200 4044 quidam
222 3965 371 4040 geminata
384 3966 403 4025 b
418 3963 585 4023 maluerunt
605 3969 635 4023 et
655 3963 752 4023 dicere
774 3971 805 4023 et
825 3965 954 4024 scribere
975 3972 1008 4025 ut
1027 3965 1195 4025 intermissa
1208 3963 1237 4039 d,
1258 3968 1290 4024 et

75 4065 105 4122 in
124 4063 182 4122 hoc
196 4060 307 4121 nullam
322 4057 447 4136 (modom
461 4057 674 4136 Schneiderus)
690 4058 885 4118 differentiam
906 4063 993 4135 putat
1012 4076 1078 4119 esse
1092 4058 1224 4117 Lucilius
1239 4058 1289 4134 qui

76 4158 119 4217 ait
139 4156 245 4216 ‘adtira
264 4156 385 4214 multum
406 4159 453 4214 est
471 4152 490 4211 d
509 4157 534 4211 st
552 4163 578 4212 ct
590 4169 629 4212 an
644 4153 663 4211 b
676 4153 757 4213 tacet
776 4154 868 4229 (labet
886 4152 1015 4213 deletum
1033 4170 1052 4212 a
1071 4150 1288 4228 Schmidtio)'.”

141 4352 240 4439 ’3302
281 4377 402 4436 oblitos
421 4375 724 4438 diaconosanctus
744 4378 774 4439 iu
794 4393 915 4456 gramm.
937 4378 1006 4440 Lat.
1021 4395 1041 4456 1,
1056 4376 1121 4436 632.
1241 4378 1292 4435 sict

78 4456 195 4520 Ludou.
217 4454 309 4519 Ferd.
330 4453 510 4517 Schmidtius
529 4457 621 4536 p.12.
