3204 5184
549 389 685 442 I-xxv.
709 390 790 440 XXX

171 561 245 647 quis
267 565 368 626 tubum
390 559 455 627 scis
477 560 542 625 iam
566 577 683 645 corpus
705 554 870 645 perolcsse
892 557 1023 627 bisulcis

173 789 237 835 non
260 786 434 852 numquam
458 766 549 874 dabit
571 767 643 852 ipsa
664 771 755 833 aetas
776 766 864 851 quod
886 767 988 853 prosit
1009 768 1168 854 babendo.

89 980 130 1040 995
470 973 599 1042 Arabus
623 971 768 1062 [artemo]

446 1291 695 1420 'u-xxv.
738 1331 873 1418 xxx

91 1556 107 1597 *
168 1554 340 1621 ‘Graecum
361 1561 402 1638 te,
425 1553 550 1637 Albuci,
574 1572 669 1638 quam
691 1552 870 1617 Romanurn
892 1554 989 1635 atque
1011 1551 1176 1637 Sabinum,

167 1658 361 1743 municipem
382 1657 486 1741 Ponti,
509 1654 663 1738 hiltanni,
687 1653 917 1739 centurionum,

166 1759 407 1845 praeclarorum
428 1758 592 1825 hominum
615 1776 654 1822 ao
675 1756 850 1842 primorum
872 1758 1136 1845 signiferumque,

169 1862 311 1929 maluisti
334 1861 413 1928 dici.
451 1862 576 1929 Graece
598 1879 675 1943 ergo
696 1864 827 1944 praetor
849 1859 993 1947 Athenis,

86 1971 132 2030 999
167 1964 202 2031 id
224 1963 311 2048 quod
332 1965 484 2051 maluisti,
507 1957 644 2050 te,'oum
666 1961 709 2029 ad
731 1983 782 2029 me
804 1963 935 2048 accedi’,
958 1965 1079 2032 saluto:

126 2077 129 2086 “
169 2065 295 2154 chaere,
318 2068 460 2155 iuquam,
484 2067 565 2133 Tite.
596 2066 735 2152 lictores,
758 2072 863 2132 turma
886 2067 980 2132 omui’
1005 2067 1182 2153 cohorsque

169 2169 305 2256 ε8188888,
328 2171 419 2239 Τ118’.
449 2170 523 2236 hinc
544 2168 649 2234 hostis
671 2170 715 2235 mi
736 2170 902 2255 Albucius,
923 2169 999 2236 hinc
1021 2171 1178 2239 inimicus.

144 2452 207 2510 983.
251 2447 422 2507 Priscianus
443 2466 472 2524 p.
483 2444 567 2506 872‘
571 2443 623 2505 ‘Et
642 2445 776 2505 similiter
795 2444 916 2504 redoleo
938 2452 968 2507 et
989 2447 1119 2508 redolevi
1139 2455 1169 2509 et
1188 2448 1274 2509 redo·

71 2545 117 2618 lui,
138 2545 277 2622 quianon
296 2546 412 2601 mutant
431 2540 716 2618 significationem..
730 2537 907 2601 ..Lucilius
926 2559 996 2601 uero
1013 2543 1041 2601 in
1055 2561 1121 2638 xxx
1140 2542 1273 2620 ‘quis...

72 2656 184 2696 coenus
203 2637 553 2715 1nm..bisulcis’‚pro
572 2584 780 2712 perolevisseJ'

142 2734 204 2792 984.
245 2731 349 2790 Iunius
372 2731 579 2809 Philargyrius
601 2728 640 2790 ad
660 2729 823 2806 georgicon
844 2748 886 2805 uu,
909 2731 964 2790 159
986 2729 1037 2789 ‘Et
1056 2748 1131 2808 quos
1152 2737 1204 2792 aut
1224 2749 1273 2810 pe-

70 2827 126 2885 cori
152 2827 253 2886 malint
272 2825 446 2886 submittere
474 2824 629 2887 habendo'.
668 2822 850 2897 “Habendo‚
869 2823 901 2882 id
920 2824 1001 2901 quod
1021 2825 1155 2887 habetur.
1185 2815 1273 2886 Luciss

70 2921 121 2980 lius
142 2920 168 2979 in
186 2941 251 2979 xxx
272 2920 677 2998 ‘nonnunquam...1’ossm
697 2917 871 2978 babendo'.”

141 3019 203 3076 985.
247 3015 403 3076 Charisius
424 3033 453 3093 p.
468 3017 505 3074 99
526 3013 658 3075 “Arabis
678 3013 766 3072 Maro
781 3012 909 3090 ...quid
930 3031 1011 3091 ergo,
1033 3014 1059 3074 si
1080 3014 1122 3075 sic
1143 3015 1272 3076 declina·

21 3129 22 3132 ¹
71 3111 109 3170 vit
126 3119 157 3171 ut
174 3112 301 3172 Plautus
322 3111 352 3169 iu
372 3108 575 3170 Bacchidibus
596 3113 627 3168 et
646 3107 676 3167 in
692 3107 829 3168 Poenulo
850 3109 982 3168 ‘Arabus
1003 3109 1177 3186 myrrhinus,
1197 3111 1272 3170 odor

69 3206 209 3268 Arabus'l
234 3204 369 3265 Lucilius
383 3222 449 3260 xxx
463 3203 582 3262 ‘arabus
604 3201 733 3262 artemo‘.
759 3201 885 3280 denique
906 3202 993 3264 etG.
1011 3203 1169 3266 Cassius'
1160 3223 1191 3264 1n
1210 3206 1271 3283 epi-

69 3302 142 3360 stula
160 3320 247 3380 quam
269 3301 305 3361 de
325 3299 485 3410 Dolabella
505 3298 626 3375 scripsit
651 3297 757 3358 ‘Arabi
781 3297 903 3358 mirifico
924 3299 1022 3360 auimo
1043 3318 1190 3378 eugenos
1211 3301 1272 3361 fue·

70 3398 138 3456 runt'
157 3395 278 3474 inquitl’

137 3493 199 3550 986.
241 3489 347 3550 Cicero
373 3488 409 3547 de
436 3487 484 3547 fin.
501 3488 616 3549 bou.te
635 3486 703 3546 mal.
717 3486 842 3563 1,3,9‘
846 3486 918 3554 ‘Res
945 3506 1016 3549 vero
1035 3490 1147 3564 bones,
1173 3488 1271 3551 verbis

70 3584 166 3645 clectis
188 3585 320 3662 graviter
343 3589 507 3660 ornateque
533 3583 644 3660 dictas,
671 3586 737 3663 quis
764 3603 823 3645 uon
847 3581 951 3660 legati
978 3583 1034 3643 uisi
1059 3584 1110 3660 qui
1130 3601 1162 3643 se
1182 3582 1271 3660 plane

68 3675 207 3742 Graecum
228 3679 289 3738 dici
309 3678 393 3753 velit,
414 3683 447 3737 ut
467 3694 485 3738 8
506 3675 655 3738 Scaevola
675 3685 722 3740 est
741 3685 880 3757 praetore
903 3679 1048 3739 salutatus
1068 3677 1197 3738 Athenis
1217 3679 1272 3737 Al-

69 3771 175 3836 bucius.
210 3790 299 3853 quem
320 3770 438 3848 quidem
463 3772 561 3831 locum
586 3791 651 3832 cum
670 3775 765 3836 multa
786 3779 941 3835 venustate
961 3778 992 3833 et
1012 3773 1090 3833 omni
1111 3773 1173 3833 sale
1194 3773 1272 3832 idem

69 3866 202 3942 Lucilius,
224 3867 305 3946 apud
320 3884 408 3944 quem
422 3866 577 3944 praeclare
592 3867 741 3928 Scaevola
755 3866 913 3930 ‘Graecum
926 3868 1063 3930 ...chere
1084 3867 1162 3946 (care
1174 3866 1270 3928 codex

69 3959 268 4040 Erlangeusis)
284 4008 310 4022 ..
324 4008 330 4021 .
344 3962 436 4021 omnis
459 3979 644 4024 cuoauseuu
658 4009 665 4024 .
678 4010 685 4024 .
698 4009 704 4024 .
716 3964 885 4026 inimicus’.''

71 4126 261 4140 ——u-m

139 4229 201 4288 984.
231 4221 349 4290 *conf
330 4211 468 4318 8188888.
484 4227 514 4287 18
535 4227 623 4288 Lucr.
644 4249 673 4308 p.
688 4231 754 4290 212.

138 4308 200 4366 985.
240 4317 345 4366 artemo
365 4305 396 4365 in
416 4323 533 4365 versum
545 4300 750 4368 hexametrum
763 4307 873 4368 intrare
888 4325 946 4367 non
960 4311 1067 4388 potest.
1093 4323 1189 4384 neque
1203 4307 1264 4386 cpi·

68 4377 162 4442 theton
180 4383 323 4444 ertemoui
344 4383 503 4444 convenire
516 4389 604 4476 puto.

138 4463 200 4522 891.
239 4461 389 4540 cohorsque
409 4461 570 4523 Manutius.
