3202 5180
635 384 685 436 XV

158 555 273 622 iactari
295 561 391 641 caput
413 560 508 638 atque
532 574 649 638 comas,
674 553 799 621 fluitare
823 575 981 641 capronas

159 659 244 724 altas
266 655 424 722 frontibus
446 657 616 742 immissas,
641 662 675 722 ut
696 678 765 724 mos
788 657 849 724 init
871 659 946 725 illis.

160 820 193 880 te
215 815 352 899 primum
376 832 447 878 cum
470 813 541 878 istis
563 813 711 879 insanum
737 811 898 880 hominem
922 822 954 882 et
975 821 1177 887 cerebrosum
1232 881 1234 885 ,

162 969 287 1036 trullcu’
312 989 370 1054 pro
393 968 530 1035 stomide
552 968 626 1035 huic
647 970 762 1054 ingens
785 970 826 1036 de
847 972 972 1039 naribu’
995 978 1124 1060 pendet.

67 1135 123 1194 4³⁰
513 1133 569 1192 aut
592 1125 651 1211 qui
668 1147 813 1194 nummos
836 1130 937 1196 tristis
960 1131 1100 1200 inuncet.

161 1290 291 1370 praeter
315 1303 412 1367 quam
435 1283 468 1347 in
491 1281 594 1366 pretio
616 1281 737 1366 primus
759 1285 901 1372 semisse,
925 1289 1084 1355 secundus

164 1405 303 1470 nummo,
326 1384 431 1450 tertiu’
454 1384 517 1449 iam
540 1385 640 1470 pluris
664 1405 761 1470 quam
783 1389 859 1454 totu’
883 1389 1071 1459 medimnus.
1100 1465 1101 1470 .

722 1543 797 1609 dum
821 1545 912 1612 miles
934 1547 1056 1614 Hibera

162 1650 280 1714 terrast
302 1652 399 1728 atque
420 1632 521 1710 meret
542 1650 590 1709 ter
611 1665 669 1710 sex
691 1647 798 1712 aetati’
824 1650 916 1732 quasi
940 1669 1051 1738 annos,

71 1813 122 1870 4³5
162 1823 201 1869 ac
224 1803 266 1867 de
287 1801 349 1867 isto
372 1820 464 1866 sacer
485 1801 540 1867 ille
562 1802 742 1886 tocoglyt'os
766 1822 804 1867 ac
825 1803 1018 1888 Syroioenix

162 1904 240 1991 quid
262 1903 370 1970 facere
393 1911 441 1970 est
462 1903 599 1970 solitus?

56 2079 237 2156 ‘Campanus
260 2078 379 2154 sonipes
402 2094 560 2136 succussor
580 2076 676 2135 nullus
697 2079 872 2154 sequetur’.''

132 2175 199 2232 426.
240 2173 357 2232 Nonius
379 2191 408 2248 p.
422 2173 501 2246 22,5
522 2169 702 2246 “Cupronae
728 2173 865 2234 dicuntur
885 2193 987 2236 comae
1007 2195 1084 2255 quae
1104 2185 1172 2238 ante
1188 2181 1265 2240 fron·

58 2273 117 2327 tem
141 2275 224 2340 suut;
252 2267 339 2342 quasi
364 2285 383 2326 a
407 2266 504 2342 capite
527 2282 658 2341 pronae.
692 2265 825 2327 Lucilius
853 2275 1015 2344 satyrarum
1040 2272 1090 2332 lib.
1104 2293 1145 2332 xv
1166 2276 1207 2350 (li.
1228 2287 1269 2328 vn

59 2361 277 2438 olim-impressi
292 2369 323 2420 ct
335 2361 450 2436 Iunius)
472 2358 595 2416 ‘aornar
612 2377 770 2420 ...comas
788 2363 887 2436 (comcs
900 2361 1163 2444 Guelferbytanus)
1183 2387 1268 2426 raur-

58 2476 138 2513 rnnn
154 2503 160 2515 .
174 2501 180 2514 .
193 2455 358 2515 .immissas
380 2456 436 2531 (sic
458 2455 526 2513 olim
547 2455 697 2530 impressi:
725 2459 858 2514 immacu
879 2455 1145 2536 GuelferbytanuS‚
1173 2467 1269 2522 mimas

61 2549 229 2624 Leidensis)
245 2549 393 2610 ...illis'.”
493 2548 608 2606 Paulus
634 2549 710 2608 libro
731 2569 764 2606 111
790 2569 827 2608 ex
853 2552 946 2612 Festo
965 2571 994 2629 p.
1008 2555 1043 2613 37
1072 2554 1267 2633 “Capronac,

60 2662 204 2720 equorum.
220 2645 309 2702 iubae
329 2644 359 2701 in
380 2644 507 2701 frontem
528 2642 672 2717 devexae,
694 2643 791 2704 dictae
812 2647 897 2722 quasi
919 2665 937 2705 a
957 2649 1054 2725 cupite
1075 2651 1211 2726 pronae.”

132 2740 198 2796 428.
240 2737 356 2796 Nouius
370 2738 458 2813 p..22‚
472 2739 490 2794 9
505 2734 692 2794 “Cerebrosi
708 2737 844 2810 dicuutur
859 2741 897 2798 ad
911 2742 1058 2802 insaniam
1073 2744 1187 2816 faciles,
1208 2746 1270 2821 qui-

60 2833 111 2890 bus
128 2832 281 2890 cerebrum
295 2838 462 2890 moveatur.
495 2829 629 2888 Lucilius
646 2838 811 2906 satyrarum
826 2834 877 2894 lib.
889 2853 930 2892 xv
947 2833 985 2894 ‘te
998 2881 1004 2894 .
1015 2839 1268 2898 ..cerebrosu'm’·.”

133 2928 201 2984 429.
241 2924 358 2984 Nonius
379 2943 408 3000 p.
423 2927 470 2996 22,
488 2922 524 2982 2l
549 2922 723 2984 “Postumis
740 2927 846 2986 dicitur
860 2929 967 2987 ferrum
982 2930 1061 3007 quod
1077 2931 1115 2989 ad
1130 2931 1268 2992 cohiben-

63 3021 126 3079 dam
141 3037 283 3096 equorum
297 3019 445 3078 tenaciam
460 3020 580 3078 naribus
602 3021 647 3077 vel
669 3021 778 3078 morsui
798 3021 965 3099 imponitur,
987 3023 1115 3098 Graece,
1138 3018 1270 3092 ἀπὸτοῦ

61 3109 221 3187 στόματος.
254 3113 387 3171 Lucilius
404 3103 573 3188 ¹satyrarum
592 3114 643 3173 lib.
659 3133 699 3170 xv
719 3113 830 3174 ‘troicus
850 3135 1029 3176 rosromrnn
1044 3163 1051 3178 .
1065 3164 1089 3177 ..
1106 3118 1250 3194 pendet’.”

132 3211 197 3268 430.
239 3207 357 3267 Nonius
375 3225 404 3282 p.
420 3209 482 3281 124,
500 3211 535 3266 16
550 3207 728 3282 “Inuncara
743 3211 829 3286 quasi
842 3229 918 3272 unco
932 3213 1071 3274 invadere
1087 3221 1117 3272 et
1130 3211 1270 3288 arripere.

63 3301 192 3361 Lucilius
213 3303 264 3360 lib.
279 3320 320 3357 xv
341 3298 402 3360 ‘aut
417 3302 627 3362 ..inuncat’.'’

134 3397 198 3456 431.
241 3395 355 3472 Nonius
370 3415 399 3472 p.
410 3399 478 3467 213,
497 3399 532 3456 18
546 3395 744 3458 “Medimnum
763 3399 881 3473 generis
896 3399 1010 3460 neutri.
1041 3399 1193 3460 masculini
1209 3399 1269 3458 Lu·

63 3490 144 3549 cilius
166 3497 332 3566 satyrarum
352 3489 402 3549 lib.
422 3509 462 3546 xv
484 3489 614 3565 ‘praeter
629 3536 635 3549 .
648 3535 654 3548 .
669 3510 844 3550 ,samrurssn
865 3493 984 3569 (seminis
1005 3493 1285 3570 Guelferbytanus:-

64 3588 163 3642 scutica
181 3583 330 3660 impressi)
347 3601 518 3642 ...caunas
540 3582 642 3658 (pluris
661 3585 810 3661 impressi)
825 3587 1065 3648 ...medimnus’.'’
1137 3599 1140 3608 ’

137 3681 201 3738 433.
241 3677 356 3738 Nouius
377 3695 405 3752 p.
423 3678 489 3751 344,
503 3679 540 3736 28
562 3676 684 3751 “Meret,
700 3679 812 3738 militat.
842 3679 974 3740 Lucilius
988 3689 1152 3759 satyrarum
1166 3685 1217 3742 lib.
1229 3701 1269 3742 xv

68 3769 141 3830 ‘dum
156 3817 162 3831 .
175 3819 180 3831 .
194 3818 200 3831 .
212 3789 335 3828 rnaans
355 3789 394 3827 sc
415 3776 508 3829 meret
529 3778 574 3829 ter
595 3788 668 3828 saex
688 3789 807 3828 xrs'rnrn
829 3775 916 3849 quasi
936 3776 1064 3835 annos'.”
1175 3829 1177 3832 .

138 3867 201 3926 435.
242 3864 357 3925 Nonius
378 3883 407 3940 p.
424 3863 490 3936 397,
507 3866 544 3922 26
566 3863 711 3922 “Sacrum
738 3865 826 3924 etiam
852 3868 1011 3930 scelestum
1034 3876 1064 3929 et
1084 3870 1268 3931 detestabile.

132 3961 260 4020 Lucilius
286 3966 451 4034 satyrarum
475 3957 525 4016 lib.
538 3976 579 4014 xv
604 3955 649 4015 ‘ac
674 3957 710 4016 dc
733 3977 821 4016 rsros
846 3977 931 4020 sacer
954 3981 1069 4020 ranoro
1091 3983 1208 4022 corros
1228 3981 1270 4020 nx

71 4053 201 4113 sirosenix
216 4099 222 4112 .
235 4100 241 4113 .
254 4099 261 4112 .
276 4051 416 4112 solitus’.''

70 4156 260 4167 --—--...

141 4200 203 4256 426.
243 4198 350 4273 Aptari
363 4187 431 4254 olim
447 4197 593 4273 impressi.
626 4196 737 4256 ‘luctari
751 4200 787 4274 ej.
803 4199 836 4260 P.
851 4201 931 4262 lun!
954 4202 996 4261 sic
1014 4203 1214 4263 Basileenses.

72 4273 164 4331 Malim
185 4279 287 4350 capuita.
360 4275 475 4350 fluitare
495 4275 606 4333 Iunius.

141 4352 202 4410 429.
246 4353 371 4410 Tralleis
385 4371 441 4426 pro
462 4355 577 4410 atomiulc
597 4351 769 4414 Salmasius.

143 4428 204 4487 435.
244 4429 381 4488 Correxit
402 4430 539 4488 Rothius.

123 4555 146 4589 c.-
159 4555 262 4592 auctam
283 4557 472 4596 SATURARUM.
