3204 5184
802 350 937 402 1—xxv.
964 349 1043 402 XXX

341 521 361 562 *
965 518 1112 603 quamvis
1134 516 1237 584 bonus
1260 515 1330 600 ipse

427 620 558 688 Samnis
580 622 615 689 in
636 621 712 689 ludo
736 641 775 690 ac
795 621 928 688 rudibus
952 621 1053 688 cuivis
1075 617 1156 688 satis
1177 639 1283 705 asper.

321 795 404 859 *1010
813 793 957 860 Tubulus
980 794 1009 862 si
1031 791 1150 859 Lucius
1171 811 1335 876 umquam,

428 899 457 965 si
479 900 601 983 Lupus,
624 902 681 964 aut
703 895 818 982 (larba,
842 896 984 982 Neptuni
1007 894 1119 982 filius,

427 1070 496 1156 has,
520 1069 602 1154 Aeli,
624 1088 677 1136 res
700 1067 744 1134 ad
765 1074 797 1135 te
818 1067 954 1154 scriptas
975 1067 1123 1153 misimu’,
1146 1067 1234 1134 Luci.

929 1241 1088 1308 Corneliu'
1110 1239 1232 1306 Publiu’
1256 1243 1366 1306 noster

428 1343 610 1430 Scipiadas,
634 1344 723 1410 diota
743 1343 860 1429 Apulu’
881 1343 959 1409 dum
979 1363 1082 1427 usque
1103 1343 1265 1427 intorquet
1286 1344 1319 1410 in
1342 1343 1459 1428 ipsum,

336 1453 397 1513 1015
426 1449 472 1514 001
493 1467 515 1513 0
536 1447 673 1532 deliciis,
696 1447 785 1532 Luci,
810 1448 905 1513 effeto
929 1453 1025 1532 atque
1048 1445 1183 1513 cinaedo
1207 1452 1239 1512 et

428 1550 580 1616 sectatori
602 1549 684 1616 adeo
707 1549 777 1635 ipse
798 1555 853 1615 tuo
876 1567 959 1634 quae
980 1548 1089 1616 rectiu’
1114 1547 1215 1634 dicas,

428 1652 497 1719 ibat
519 1651 601 1718 forte
623 1651 767 1718 domum.
802 1653 966 1737 sequimur
987 1653 1079 1719 multi
1101 1658 1198 1736 atque
1221 1650 1415 1736 frequentes.
1513 1719 1517 1730 ,

341 1821 362 1863 *
1008 1823 1149 1890 Granius
1171 1829 1278 1890 autem

426 1947 492 1992 non
514 1935 716 1995 contemnere
738 1947 773 1995 se
796 1933 828 1995 et
849 1946 943 2012 reges
959 1921 1075 1993 'odisse
1097 1927 1264 2013 superbos.

404 2102 486 2161 1008.
528 2099 635 2161 Cicero
656 2100 694 2160 de
713 2107 833 2161 oratore
842 2117 885 2175 nr,
895 2101 943 2175 23,
954 2101 991 2159 86
1013 2098 1182 2176 “Magister
1200 2099 1249 2159 hio
1263 2098 1439 2161 Samnitium
1459 2119 1524 2162 sum·

320 2196 448 2256 maiam
470 2202 622 2256 senectute
642 2201 690 2256 est
710 2199 742 2255 at
761 2194 895 2273 qnotidie
916 2200 1144 2269 commentatum
1165 2193 1237 2253 nihil
1252 2195 1329 2254 enim
1344 2203 1431 2257 curat
1444 2196 1523 2258 alind.

321 2295 410 2366 atque
434 2290 564 2350 velocius
592 2294 635 2369 (at
656 2291 690 2362 Q.
717 2291 842 2350 Velocius
862 2287 1026 2365 Victorius)
1052 2305 1125 2366 puer
1146 2288 1347 2350 addidicerat:
1373 2291 1430 2350 sed
1453 2291 1524 2368 qnod

319 2390 386 2444 erat
410 2391 498 2461 aptus
524 2385 564 2446 ad
588 2385 662 2444 illud
687 2381 839 2461 totumque
865 2388 1025 2458 cognorat,
1051 2383 1121 2460 luit,
1146 2389 1180 2442 ut
1204 2389 1251 2443 est
1274 2384 1356 2461 apud
1377 2385 1523 2460 Lucilium,

320 2478 464 2556 ‘quamvis
479 2478 630 2539 ...cuivis
652 2478 734 2556 (libri
753 2483 846 2554 euicta,
868 2482 942 2550 01010,
964 2481 1048 2549 acius,
1069 2477 1179 2549 0101000,
1200 2478 1302 2556 comta)
1324 2480 1401 2540 satis
1424 2481 1523 2558 asper’3

320 2574 374 2634 sed
394 2574 461 2650 plns
482 2590 591 2651 operae
612 2573 677 2632 loro
698 2573 857 2647 tribuebat,
879 2573 990 2648 amicis,
1012 2573 1055 2644 rei
1074 2571 1237 2635 familiari.'’

246 2743 251 2750 .
399 2670 482 2728 1010.
525 2666 634 2726 Cicero
654 2666 691 2726 de
706 2673 812 2726 natura
828 2667 949 2726 deorum
964 2686 983 2742 r,
995 2669 1041 2743 23,
1053 2669 1090 2726 03
1111 2665 1212 2741 “Quid
1225 2665 1263 2726 00
1278 2668 1443 2746 sacrilegis,
1464 2667 1525 2746 quid

320 2762 359 2822 de
379 2763 477 2839 impiis
498 2761 682 2837 periurisque
704 2749 857 2821 dicemus?
882 2760 1027 2822 ‘Tubulus
1045 2761 1071 2821 si
1084 2760 1195 2821 Lucius
1215 2779 1365 2839 umquam,
1387 2764 1412 2823 si
1430 2765 1525 2842 Lupus

321 2864 373 2918 ant
389 2857 492 2918 Carbo
513 2873 574 2914 aun
589 2856 724 2933 Neptuni
743 2855 839 2928 lilius',
861 2861 894 2915 ut
914 2855 956 2915 ait
970 2855 1113 2932 Lucilius,
1134 2863 1273 2933 putasset
1288 2875 1355 2918 esso
1370 2857 1455 2934 deos,
1473 2865 1524 2920 tam
1587 2847 1588 2908 ζ

320 2951 457 3029 periurus
479 2956 610 3010 nuttam
631 2951 764 3028 impurus
784 2947 928 3010 luissetl''

401 3046 484 3106 1012.
526 3043 663 3122 Scriptor
681 3045 894 3126 rhetoricorum
912 3044 952 3104 ad
964 3044 1146 3104 Herennium
1161 3063 1201 3120 ιι,
1218 3046 1263 3119 12,
1281 3047 1316 3104 18
1337 3043 1410 3121 “Et,
1432 3046 1457 3106 si
1472 3063 1525 3106 ver·

320 3141 424 3200 borum
443 3139 648 3199 traiectionem
667 3141 835 3216 vitabimus,
855 3139 912 3199 nisi
933 3157 1010 3216 quaa
1031 3140 1087 3199 erit
1106 3139 1267 3216 concinna,
1287 3156 1348 3216 qua
1368 3139 1407 3200 de
1429 3157 1462 3200 re
1480 3159 1525 3219 po

321 3235 426 3294 sterius
447 3234 612 3311 loquemur;
634 3251 692 3311 quo
706 3234 736 3292 in
751 3235 822 3295 vitio
837 3241 884 3294 est
899 3234 1035 3294 Lucilius
1050 3234 1200 3310 assiduus,
1219 3239 1252 3293 ut
1264 3233 1321 3292 hoc
1335 3240 1382 3294 est
1396 3234 1426 3292 in
1441 3239 1526 3311 priore

225 3339 237 3350 ‘
320 3329 420 3407 (immo
438 3328 574 3406 primore)
594 3329 680 3404 libro,
701 3326 765 3388 ‘has
786 3345 844 3385 aas
863 3327 904 3388 ad
924 3333 954 3387 00
975 3329 1102 3404 scriptas
1123 3345 1200 3390 nucr
1213 3327 1346 3387 misimus
1367 3329 1475 3389 mar?

400 3425 483 3484 1013.
524 3423 634 3483 Festus
654 3441 684 3499 p.
700 3423 767 3491 294,
783 3424 820 3480 26
841 3419 989 3483 “Scurrae
1009 3409 1184 3484 vocabulum
1207 3421 1329 3480 Verrius
1350 3423 1525 3500 ineptissime

321 3523 373 3577 aut
393 3535 431 3576 ex
452 3517 572 3579 Graeco
590 3524 715 3578 tractum
737 3516 778 3577 ait
798 3563 804 3577 .
821 3563 827 3576 .
843 3562 849 3576 .
865 3519 917 3576 aut
936 3536 955 3576 a
974 3517 1142 3594 sequendo;
1166 3516 1213 3576 oui
1237 3515 1333 3591 magis
1355 3517 1524 3588 adsentitur,

321 3612 402 3688 quod
420 3619 449 3672 00
467 3612 611 3673 tenuioris
632 3612 769 3671 fortunae
788 3611 923 3671 homines
944 3617 975 3671 00
992 3611 1081 3671 ceteri
1103 3611 1213 3688 alioqui
1233 3611 1284 3687 qni
1299 3610 1423 3672 honoris
1438 3612 1526 3689 gratia

320 3713 570 3782 persequerentur
589 3705 766 3784 quempiam,
787 3723 847 3764 nou
867 3712 936 3765 ante
957 3705 1064 3765 sedare
1085 3705 1138 3764 sed
1158 3705 1244 3781 sequi
1265 3705 1325 3764 sint
1342 3707 1439 3782 soliti,
1464 3705 1526 3782 quia

320 3799 460 3860 videlicet
480 3801 561 3861 dicat
580 3801 713 3860 Lucilius
734 3798 903 3859 ‘Cornelius
926 3801 962 3859 P.
979 3805 1080 3860 noster
1100 3797 1260 3878 Scipiadas
1282 3817 1379 3857 nrcro
1399 3818 1525 3858 usurus·

321 3912 378 3971 que
398 3895 550 3972 intorquet
570 3895 680 3955 ...oti
699 3914 737 3952 ar
757 3911 880 3952 nnnrcrs
900 3894 959 3953 luci
978 3912 1129 3954 nrrrcrau
1147 3941 1153 3954 .
1171 3893 1293 3955 ..0000
1314 3912 1373 3950 rrsr
1395 3912 1454 3952 suo
1469 3911 1525 3954 000

319 3989 428 4048 rectius
452 3988 535 4050 dicas
551 3988 804 4066 .1.ιιο0000100’;
825 4006 891 4048 cum
912 3995 1031 4050 secutos
1052 3989 1145 4049 rideri
1166 3988 1237 4049 velit
1255 3989 1293 4047 ob
1312 4005 1414 4048 eorum
1429 3989 1526 4064 iurgia

319 4085 378 4143 non
399 4083 437 4143 ob
459 4083 613 4144 adsuetum
633 4083 788 4142 officium.’'

398 4180 482 4239 1018.
528 4177 635 4238 Cicero
661 4194 708 4255 ep.
724 4177 762 4236 ad
783 4177 914 4238 Atticum
935 4198 975 4248 vr,
992 4177 1050 4254 3,l
1074 4175 1163 4235 “Tibi
1185 4183 1282 4236 antem
1302 4177 1391 4237 valde
1412 4177 1487 4236 solat
1502 4177 1527 4234 ln

322 4288 371 4330 ore
393 4289 459 4332 esse
480 4272 604 4350 ‘pravius
624 4271 761 4348 (Grauius
782 4271 945 4348 Corradus)
966 4278 1064 4332 antem
1080 4317 1086 4330 .
1100 4318 1105 4331 .
1119 4317 1125 4330 .
1138 4271 1316 4347 superbos'.”
1418 4272 1527 4334 Ibidem

321 4376 521 4388 Ἣ*

400 4419 483 4476 1010.
523 4420 658 4480 Alterum
680 4431 730 4478 aut
749 4419 861 4479 delerit
882 4417 1026 4494 Scaliger.
1085 4433 1089 4442 ’
