3202 5180
628 395 694 448 xv1

154 566 228 663 sint
249 562 404 648 homines,
428 562 549 647 spiram
572 562 677 647 pallas
699 563 888 631 redimicula
909 565 1037 651 promit

32 806 48 889 ¹r
70 784 89 826 *
154 785 279 851 subicit
300 784 374 850 huic
397 783 551 851 humilem
574 791 606 850 ct
628 785 801 852 suffercitu’
822 787 1043 872 posteriorem.

21 900 35 1011 l

9 1017 22 1100 l
137 1091 140 1096 .

586 1163 692 1248 XVI

335 1403 442 1470 media
464 1425 482 1471 c
504 1404 641 1490 pistrina

72 1628 122 1686 45⁰
162 1642 222 1688 rex
245 1623 343 1689 Gutus
366 1625 421 1691 ille
444 1627 507 1692 duc
530 1626 589 1692 hos
613 1633 736 1712 ventos,
761 1633 903 1694 austrum
928 1635 1025 1712 atque
1048 1629 1231 1714 aquilonem

56 1878 109 1938 boc
130 1887 182 1940 est
200 1881 319 1941 tunicae
334 1882 464 1959 pallium.
487 1929 494 1943 .
509 1930 535 1944 ..
551 1883 684 1945 Lucilius
698 1892 863 1963 satyrarum
884 1885 934 1946 lib.
948 1905 989 1946 xv
1010 1885 1086 1947 ‘cum
1100 1934 1107 1949 .
1119 1934 1125 1948 .
1139 1934 1146 1947 .
1158 1859 1267 1966 spiram

13 2003 16 2009 ,
55 1975 150 2048 pallas
174 1974 345 2035 redimicula
366 1979 510 2055 promit’.'’

128 2070 199 2127 448.
241 2069 355 2131 Gellius
369 2092 409 2148 rv,
426 2073 458 2133 li
482 2073 579 2133 “Item
600 2075 701 2151 quinto
721 2074 836 2134 decimo
859 2075 979 2137 ‘subicit
1054 2077 1268 2154 posteriorem,’

58 2163 168 2222 subicit
187 2182 206 2221 n
226 2165 312 2224 litera
331 2168 424 2244 longa
442 2169 570 2244 legunt.’'

132 2275 197 2323 xvr.
240 2261 406 2339 Porphyrio
427 2262 467 2322 ad
482 2263 601 2322 Horatii
622 2262 782 2322 carminum
802 2282 821 2338 1,
836 2264 882 2338 22,
900 2265 935 2323 10
956 2263 1056 2323 “Dum
1070 2281 1164 2323 meam
1179 2268 1268 2324 canto

59 2351 206 2427 Lalagen.
238 2354 276 2412 Id
292 2362 338 2414 est
357 2374 475 2416 carmen
495 2357 525 2416 in
539 2357 677 2433 Lalagen
699 2358 831 2432 amicam,
853 2359 915 2418 cius
930 2357 1124 2436 compositum
1144 2359 1268 2418 nomine.

59 2444 101 2502 sic
129 2449 161 2504 ct
187 2447 264 2506 liber
289 2449 398 2509 Lucilii
424 2451 555 2510 decimus
585 2456 687 2510 sextus
715 2451 840 2529 Collyra
866 2453 1037 2514 inscribitur
1063 2470 1098 2511 eo
1125 2452 1204 2529 quod
1231 2451 1268 2510 do

61 2538 184 2616 Collyra
206 2543 301 2601 amica
315 2563 370 2605 sua
384 2545 513 2623 scriptus
536 2545 600 2604 sit.”
648 2548 690 2606 ita
703 2546 777 2606 haec
792 2547 887 2606 edidit
905 2547 955 2608 nr.
971 2548 1076 2608 Donec
1090 2548 1120 2604 iu
1133 2545 1269 2625 auctario

60 2632 129 2693 edit.
152 2634 342 2713 Gruquianae
363 2658 393 2715 p.
408 2638 498 2700 duab.
540 2638 688 2715 Georgius
714 2641 871 2702 Fabricius
892 2661 921 2718 p.
937 2643 975 2701 42
997 2642 1049 2717 sic,
1071 2640 1190 2700 “Ganto
1209 2640 1269 2699 Ira-

58 2726 156 2802 lagen.
183 2729 341 2808 Compono
356 2733 469 2792 scilicet
482 2733 588 2792 librum
603 2735 748 2810 Lalagen.
778 2737 820 2797 ita
833 2739 900 2795 liber
916 2737 977 2796 Sco.
989 2737 1070 2793 Decii
1088 2733 1212 2810 Collyra
1227 2735 1269 2792 in·

61 2821 199 2882 scribitur
213 2842 248 2882 eo
263 2827 343 2902 quod
359 2827 395 2885 de
410 2825 529 2904 Collyra
544 2832 647 2887 amica
663 2830 792 2906 scriptus
818 2831 864 2889 sit.
895 2829 984 2888 ctiam
1006 2846 1060 2888 uos
1083 2828 1125 2887 sic
1145 2821 1269 2904 plerum-

62 2933 120 2990 que
140 2918 314 2994 loquimur.”

138 3011 319 3071 Censorinus
347 3014 383 3073 de
406 3014 452 3072 die
480 3015 572 3075 natali
599 3000 700 3094 cap.'3
726 3015 806 3075 “nou
832 3017 904 3075 nulli
929 3017 1015 3075 binos
1042 3015 1146 3090 genios
1171 3017 1200 3073 iu
1223 3015 1270 3074 bis¹

62 3103 206 3166 duntaxat
227 3106 361 3167 domibus
383 3127 459 3186 quac
479 3117 581 3170 esseut
601 3111 725 3171 maritae
747 3111 888 3169 colendos
910 3116 1100 3186 putaverunt3
1128 3109 1272 3169 Euclides

63 3204 158 3257 antem
185 3199 357 3262 Socraticus
388 3203 535 3280 duplicem
562 3205 696 3262 omnibus
723 3207 841 3264 omuino
866 3205 953 3263 nobis
980 3206 1098 3280 genium
1124 3204 1196 3264 dicit
1221 3205 1272 3262 ad·

64 3293 207 3368 positum,
236 3315 324 3372 quam
350 3316 409 3356 rem
437 3297 516 3374 apud
542 3297 688 3357 Lucilium
715 3299 743 3357 in
770 3294 846 3360 libro
873 3301 1030 3360 satirarum
1050 3318 1103 3356 xvi
1128 3299 1200 3358 licet
1223 3317 1271 3357 cc-

66 3392 235 3460 gnoscere.”

141 3483 205 3543 449.
246 3484 399 3544 Charisius
420 3505 449 3562 p.
464 3489 501 3564 bb
523 3485 704 3547 “Pistrinum
725 3493 829 3545 neutro
844 3481 960 3546 dicitur.
980 3475 1045 3546 vsed
1066 3485 1199 3545 Lucilius
1220 3505 1271 3544 xvr

67 3573 201 3637 feminine
223 3580 338 3652 extulit,
360 3578 467 3638 ‘media
488 3599 503 3640 e
524 3581 668 3657 pistrina’,
690 3581 730 3643 ad
749 3581 903 3640 tabernam
926 3581 1069 3654 rciercns,
1089 3587 1122 3640 ut
1136 3598 1274 3658 caupona

66 3673 176 3733 dicitur.
216 3693 282 3755 nam
311 3680 340 3732 et
361 3675 519 3734 Terentius
542 3676 718 3734 deminutire
745 3675 902 3751 pistrillum
924 3674 1024 3734 dixit”
1110 3675 1208 3736 Varro
1236 3675 1273 3734 de

65 3767 164 3841 lingua
182 3767 296 3827 Latina
316 3787 334 3825 v
354 3786 383 3843 p.
402 3771 457 3827 140
478 3769 554 3826 inter
575 3768 769 3828 instrumenta
787 3767 901 3826 rustica
923 3766 1050 3845 “Pilum,
1071 3768 1152 3846 quod
1173 3786 1208 3827 eo
1229 3770 1274 3828 lar

68 3861 175 3936 pisuut;
196 3880 286 3938 aquo
307 3861 357 3919 ubi
378 3861 409 3919 id
428 3862 461 3920 fic
481 3862 591 3921 dictum
612 3862 777 3938 pistrinum.
799 3860 930 3922 ...inda
950 3869 1020 3940 post
1039 3859 1077 3919 in'
1089 3862 1161 3920 urbe
1176 3861 1274 3920 Lucili

69 3954 187 4029 pistrina
206 3965 236 4015 et
249 3955 385 4032 pistrix.'’
465 3955 682 4015 Grammaticus
698 3955 734 4013 de
749 3956 908 4030 generibus
925 3957 1072 4016 nominum
1088 3956 1125 4022 ab
1140 3954 1273 4030 Hauptio

70 4048 161 4107 editur
181 4069 208 4126 p.
223 4052 260 4108 95
281 4047 463 4122 “Pistrinunm
484 4051 601 4124 generis
619 4052 722 4110 neutri.
754 4050 809 4110 sed
829 4053 921 4110 Varro
943 4049 1051 4108 ‘media
1065 4059 1104 4116 cst
1116 4049 1274 4134 pistrinaf.”

141 4143 204 4202 450.
244 4141 361 4201 Nonius
380 4160 409 4217 p.
423 4145 469 4217 98,
487 4145 522 4202 19
543 4142 715 4219 “Demagis,
731 4144 819 4203 valde
833 4144 948 4218 magis.
980 4142 1113 4201 Lucilius
1132 4129 1274 4208 libr'c'irvr

72 4287 263 4298 ---—.——.

145 4376 206 4435 447.
247 4376 338 4436 Ianua
362 4378 465 4436 Dousa
484 4380 585 4452 spiras,
600 4376 719 4453 pallara.

146 4457 207 4514 450.
247 4457 318 4514 Nou
339 4455 436 4531 potuit
456 4453 590 4512 Lucilius
616 4455 692 4514 banc
713 4451 966 4532 praepositionem
994 4469 1070 4530 quae
1091 4459 1138 4511 est
1157 4451 1191 4510 dc
1208 4469 1276 4510 cou-

1027 4546 1074 4611 4*
