3196 5174
570 347 706 425 1-'xxv.
731 375 811 424 xxx

159 550 173 590 b
664 564 719 610 ore
742 547 875 630 'corupto

162 735 246 820 ⁰qui
269 754 400 820 campos
424 733 586 817 collesque
606 732 709 817 gradu
731 732 908 818 perlabitur
923 729 994 800 uno

158 924 311 1006 “fingere
333 889 503 1007 praeterea
526 921 647 988 adferri
670 922 758 1006 quod
780 923 914 1006 quisque
936 923 1076 989 volebat.

191 1028 283 1091 illum
306 1025 434 1092 sumina
457 1024 618 1091 ducebant
638 1031 735 1109 atque
756 1026 902 1091 altilium
915 1025 1001 1109 lanx,

191 1129 276 1194 hune
298 1135 413 1214 pontes
435 1127 599 1193 Tiberinu'
624 1127 687 1193 duo
710 1129 794 1194 inter
817 1130 920 1213 eaptu’
946 1127 1063 1193 catillo.

161 1319 172 1356 1
730 1315 848 1401 prodes
871 1315 981 1382 amieis

158 1507 168 1545 r
288 1561 292 1566 .
366 1555 370 1560 .
650 1482 654 1493 ⁸
715 1512 748 1572 et
768 1505 927 1572 suffocare
950 1505 1084 1572 lacunas

194 1615 328 1682 conatur

158 1811 172 1848 ⁸
528 1799 664 1864 Bmtaoe
686 1797 823 1881 bilingui

80 1929 295 1948 μ

80 1997 163 2050 cismo
179 1987 368 2066 (soloecismoa
381 1985 451 2045 olim
461 1985 638 2062 correctum)
655 2004 767 2061 genera
781 2033 788 2046 .
800 2032 807 2046 .
819 2033 826 2046 .
840 1988 965 2047 centum'
982 1993 1013 2047 et
1025 1988 1115 2048 currit
1130 1987 1294 2065 (percurrit)

80 2087 149 2163 ipsa
171 2081 320 2142 vocabula
338 2082 472 2142 versibus
495 2081 613 2159 seriptis
635 2088 698 2142 arte
719 2087 749 2142 et
769 2083 811 2142 ibi
835 2083 1016 2142 enumeravit
1034 2084 1085 2142 illa
1104 2083 1227 2141 omnia.''

80 2178 219 2238 Isidorus
234 2175 336 2251 ociga,
346 2178 420 2250 32,5
435 2176 533 2236 “Nam
548 2179 672 2236 Lucilius
682 2183 799 2237 eentum
813 2195 925 2252 genera
939 2177 1179 2236 soloecismorum
1195 2177 1295 2236 dixit.''

162 2273 265 2332 11811.
298 2271 479 2332 Consentius
506 2271 536 2329 in
562 2279 625 2331 arte
651 2271 688 2330 de
715 2272 908 2333 barbarismis
935 2277 965 2331 et
989 2272 1192 2348 metaplasmis
1214 2290 1241 2348 p.
1257 2274 1295 2331 30

83 2369 220 2427 “Poetae
242 2367 355 2426 faciunt
375 2366 595 2440 metaplasmos,
617 2383 683 2424 cum
702 2366 762 2444 ipsi
782 2367 838 2424 iam
855 2367 1030 2442 scripturam
1046 2367 1216 2442 relinquunt
1231 2384 1294 2425 cor·

79 2468 213 2539 ruptam,
244 2467 278 2521 nt
311 2468 357 2521 est
385 2459 551 2535 ‘relliquias
579 2461 722 2520 Danaum'
748 2469 778 2521 et
804 2461 915 2520 ‘tanton
946 2477 992 2518 me
1023 2461 1142 2520 crimine
1175 2460 1294 2538 dignum

78 2556 223 2617 Duxisti:
245 2555 361 2615 addidit
381 2555 456 2613 enim
476 2572 563 2613 unam
585 2555 712 2616 litteram
733 2574 788 2633 per
807 2556 1031 2633 metaplasmum
1052 2557 1075 2630 l,
1102 2555 1170 2615 item
1192 2563 1296 2614 contra

79 2649 264 2726 (addendum
285 2653 400 2727 dempsit
418 2652 537 2708 litteram
555 2669 607 2726 per
626 2636 833 2726 suatoplcemunt
853 2651 888 2725 e),
910 2652 988 2709 sicut
1009 2652 1143 2709 Lucilius
1165 2650 1225 2709 ‘ore
1246 2667 1294 2708 co-

78 2746 193 2822 rupto’:
214 2744 344 2821 dempsit
363 2745 439 2802 enim
461 2763 547 2803 nnam
568 2745 683 2804 literam
704 2762 759 2822 per
778 2746 1006 2822 metaplasmum
1026 2743 1066 2804 r.''

160 2841 258 2899 11810.
286 2839 454 2916 Appuleius
475 2839 505 2897 iu
526 2838 638 2899 floridis
661 2858 689 2915 p.
703 2842 759 2900 100
780 2839 916 2918 “Equum
940 2839 1072 2916 deligunt
1094 2839 1223 2898 diutinae
1238 2841 1315 2912 lory

79 2933 236 3007 titudinis,
262 2932 373 2992 vivacis
401 2933 599 3010 pernicitatis,
625 2935 694 2994 item
720 2941 751 2995 et
776 2935 851 2994 terre
877 2933 1006 2994 validum
1033 2940 1063 2994 et
1083 2935 1125 2992 ire
1149 2934 1293 3010 rapidum,

79 3028 139 3106 ‘qui
154 3076 161 3089 .
175 3076 182 3088 .
196 3075 202 3089 .
216 3029 292 3102 uno’,
314 3033 347 3086 ut
365 3027 407 3087 ait
429 3027 588 3088 Lucilius.’'
1112 3063 1115 3070 .

100 3161 104 3168 -
158 3124 261 3183 1181‘1.
289 3123 458 3182 Macrobius
473 3121 592 3182 Saturn.
608 3141 651 3197 ru,
667 3124 711 3197 16,
729 3126 763 3183 18
785 3122 868 3182 “Sed
885 3128 914 3183 01
929 3123 1071 3198 Lucilius,
1093 3139 1162 3182 acer
1183 3129 1212 3182 et
1233 3122 1292 3181 vio·

76 3219 176 3278 lentus
198 3223 304 3295 poeta,
331 3216 462 3276 ostendit
482 3217 557 3276 seire
578 3235 610 3276 se
631 3217 708 3276 hune
729 3218 840 3293 piscem
867 3217 981 3293 egregii
1007 3217 1122 3294 saporis
1148 3217 1198 3292 qui
1217 3218 1294 3276 inter

78 3312 155 3372 duos
178 3318 286 3390 pontes
308 3318 416 3389 captus
436 3316 526 3385 esset,
547 3329 671 3388 eumque
693 3312 782 3389 quasi
798 3312 996 3387 ligurritorem
1010 3311 1176 3371 cabillonem
1191 3312 1292 3388 appel-

75 3407 130 3483 lat,
159 3407 274 3466 scilicet
294 3407 344 3484 qui
364 3406 496 3483 proxime
516 3406 600 3483 ripas
622 3414 736 3467 stercus
757 3407 964 3466 insectaretur.
987 3407 1105 3483 proprie
1127 3412 1224 3466 autem
1244 3423 1292 3465 ea·

78 3501 201 3560 tillones
216 3501 400 3577 dicebantur,
420 3503 471 3578 qul
492 3502 531 3560 ad
551 3502 714 3578 polluctum
734 3499 874 3560 Herculis
895 3500 987 3560 ultimi
1001 3518 1067 3559 oum
1081 3501 1221 3574 venirent,
1244 3519 1292 3558 ca·

77 3595 159 3655 tillos
182 3595 366 3671 ligurribant.
394 3596 504 3655 Lucilii
523 3613 627 3654 versus
647 3593 678 3654 bi
699 3602 768 3654 suut
788 3594 909 3670 ‘tingere
927 3595 1127 3654 ...Tiberinon
1142 3595 1292 3671 (Tiberiou’

76 3689 172 3748 Ianus
194 3690 310 3766 Dousa)
326 3736 352 3752 ..
366 3737 372 3751 .
384 3691 520 3751 catillo¹.''

157 3787 259 3844 11810.
284 3785 455 3846 Macrobius
485 3784 521 3844 de
548 3783 721 3843 differentiis
747 3788 778 3843 et
805 3784 998 3844 societatibus
1025 3785 1126 3860 graeci
1150 3786 1291 3862 latinique

77 3879 162 3939 verbi
184 3875 306 3954 112154
326 3877 487 3939 “Similiter
508 3879 588 3956 apud
607 3879 734 3939 Latinos
754 3875 945 3955 imperativus
966 3880 1097 3939 nascitur
1117 3881 1154 3938 ab
1179 3879 1292 3939 infinito

75 3973 200 4032 abiecta
219 3974 323 4034 ultima
339 3980 426 4034 ...et
446 3973 518 4034 ades
539 3980 569 4033 et
589 3972 707 4051 prodes.
740 3971 873 4033 Lucilius
894 3974 1013 4051 ‘prodes
1034 3974 1172 4035 amicis'.'’

158 4067 260 4126 ll8lf.
286 4055 448 4129 Diomedes
464 4088 493 4146 p.
504 4071 559 4128 361
581 4067 750 4126 “Praetoco
764 4069 934 4145 praefocari
949 4069 1068 4129 Probus
1083 4071 1169 4146 quasi
1183 4071 1291 4130 novam

74 4177 183 4222 vocem
202 4163 334 4222 miratur.
356 4209 401 4223 ...
417 4163 552 4223 Lucilius
573 4168 671 4222 tamen
691 4161 735 4222 ait
753 4162 794 4222 ‘et
808 4210 814 4224 .
826 4209 833 4223 .
846 4209 852 4223 .
866 4164 1024 4224 conatur'.’'

94 4295 98 4299 -
159 4258 230 4316 1181
239 4267 261 4316 t.
290 4258 459 4335 Porphyrio
477 4257 516 4318 ad
536 4253 654 4318 Horatii
670 4274 788 4335 sermr,
802 4261 848 4332 10,
861 4261 898 4320 30
919 4259 1082 4320 “Canusini
1103 4276 1182 4318 more
1203 4259 1287 4319 bilin-

157 4438 253 4499 usu.
282 4438 367 4501 conr.
384 4407 486 4500 comm}
501 4440 533 4500 tn
554 4439 646 4501 nucr.
666 4457 697 4517 p.
713 4440 779 4501 416.
