3202 5180
676 388 691 438 1

190 556 271 672 haec
293 556 347 623 uhi
369 556 456 624 diota
478 556 576 642 dedit,
599 577 735 643 pausam
757 558 835 624 facit
856 578 912 624 oro
934 558 1097 643 loquendi.

121 730 143 770 *
186 705 246 814 per
269 735 410 796 saturam
432 729 571 797 aedilem
594 729 722 816 laetum,
746 731 802 814 qui
824 730 942 814 legihu’
968 731 1073 797 solvat

186 902 283 967 stulte
306 903 456 969 saltatum
478 907 510 967 te
531 902 614 968 inter
636 905 765 970 venisse
782 903 936 971 cinaedos

186 1072 321 1138 inritata
343 1092 439 1139 canes
462 1093 557 1156 quam
580 1073 674 1140 homo
703 1077 788 1161 quod
812 1077 932 1162 planiu'
957 1075 1046 1142 dicit.

113 1258 149 1316 ao
188 1264 319 1328 serpere
341 1246 387 1311 uti
410 1265 598 1329 gangraeua
620 1245 708 1349 mala
730 1255 825 1332 atque
847 1247 1026 1332 herpestica
1047 1253 1165 1332 posset.
1252 1268 1255 1282 ¹

187 1417 231 1481 ad
254 1435 388 1482 caenam
412 1416 581 1502 adducam,
605 1425 637 1484 et
658 1419 795 1503 primurn
817 1419 905 1485 hisee
928 1418 1102 1485 abdomina
1123 1420 1237 1486 thunui

159 1607 205 1665 16.
245 1604 362 1664 Nouius
381 1623 411 1681 p.
428 1607 525 1681 168,8
546 1606 671 1668 “Pansa
691 1615 737 1668 est
756 1607 839 1685 quies
860 1606 981 1666 alicuius
1002 1607 1052 1667 rei.
1156 1608 1290 1668 Lucilius

77 1706 246 1776 satyrarum
267 1698 343 1757 lih.1
365 1697 447 1758 ‘haee
535 1719 659 1777 pausam
680 1723 740 1761 ons
760 1702 935 1780 loquendi'.''

162 1791 206 1852 ll.
246 1791 406 1852 Diomedes
420 1809 450 1870 p.
461 1796 518 1853 483
533 1794 603 1854 “alii
620 1804 717 1857 autem
733 1798 842 1858 dictam
856 1803 962 1874 putant
975 1815 993 1856 a
1006 1798 1071 1872 lege
1087 1803 1195 1873 satyra,
1217 1813 1292 1873 quae

77 1907 141 1947 uuo
159 1893 267 1960 rogatu
293 1887 386 1948 multa
405 1888 490 1948 simul
510 1891 742 1969 conprehendat‚
762 1893 842 1970 quod
863 1892 977 1952 scilicet
997 1899 1027 1952 et
1046 1894 1149 1951 satura
1164 1891 1293 1950 carmine

78 1981 288 2042 multesima]
314 1988 456 2058 poemata
482 1985 771 2062 conprehendantur.
812 1987 895 2045 cuius
926 1993 1042 2063 satyrae
1063 1986 1138 2060 legis
1160 1983 1293 2043 Lucilius

78 2077 214 2136 meminit
232 2077 263 2135 in
283 2078 377 2153 primo
397 2077 461 2154 ‘per
480 2086 609 2156 satyram
696 2081 814 2155 legibus
835 2081 967 2141 solvat'.”

161 2174 206 2230 18.
246 2171 362 2231 Nonius
382 2191 412 2249 p.
426 2175 457 2247 5,
478 2175 515 2232 30
541 2173 691 2233 “Cinaedi
711 2174 783 2234 dicti
808 2181 876 2234 sunt
896 2175 976 2251 apud
997 2182 1112 2234 veteres
1134 2175 1293 2234 saltatores

79 2268 128 2326 vel
156 2267 385 2343 pantomimi...
398 2266 566 2327 ,Iucilius
591 2276 754 2344 satyrarum
775 2270 825 2329 lih.
840 2289 850 2326 1
872 2273 931 2348 (h'h
945 2286 972 2324 rr
988 2266 1104 2342 lunius)
1130 2266 1292 2326 ‘stultam

78 2360 259 2421 cinaedos'.”

165 2457 211 2513 19.
255 2454 560 2531 Charisiusp.100
563 2455 682 2518 Canes.
714 2459 846 2519 Lucilius
873 2460 968 2536 primo
989 2456 1177 2516 Inritat.a.
1194 2458 1298 2531 ,qood

78 2551 200 2628 planius
223 2548 311 2624 dioit',
332 2566 386 2626 pro
408 2549 517 2609 cauisf’
587 2553 716 2632 Idemp.
729 2554 812 2614 118
816 2555 964 2630 ‘Torques
979 2552 1071 2610 hicet
1085 2552 1159 2610 haec
1173 2557 1294 2625 torques

80 2645 277 2718 nominative,
301 2650 334 2702 ut
322 2644 400 2702 thio
422 2650 452 2703 et
440 2644 546 2704 thaso
567 2664 658 2707 canes
678 2667 697 2708 a
718 2649 833 2708 Lucilio
853 2650 930 2707 libro
950 2647 1044 2724 primo
1065 2646 1160 2706 dictas
1182 2645 1296 2723 (dictum

82 2737 322 2815 Lindemanuus)
344 2738 495 2813 legimus.”
613 2742 727 2802 Nonius
748 2762 777 2819 p.
794 2745 846 2817 31,
867 2745 904 2801 23
931 2740 1073 2800 “Imitare
1161 2740 1295 2800 Lucilius
1372 2791 1374 2796 .

82 2841 174 2910 satyr.
196 2835 273 2893 lih.1
300 2831 430 2892 ‘inritata
457 2832 583 2910 (irritato
608 2834 870 2912 Guelferbytanus)
897 2856 964 2894 cone
992 2853 1079 2910 quam
1104 2833 1192 2893 homo
1214 2855 1296 2910 qoam

79 2931 201 3006 planius
227 2927 333 2987 dicit’.''
431 2929 570 2988 Donatus
597 2929 637 2988 ad
663 2929 818 3007 Adelphos
845 2930 975 2988 Terentii
996 2947 1027 3003 ιι,
1047 2929 1066 2986 4
1086 2947 1115 3003 p.
1130 2931 1186 2987 269
1207 2927 1327 2990 “nam⁴
1424 2899 1426 2906 .

80 3023 192 3082 irritari
212 3022 332 3098 proprie
353 3039 443 3082 canes
459 3021 603 3082 dicuntur.
635 3022 769 3084 Lucilius
791 3025 828 3083 de
841 3026 941 3084 littera
959 3041 974 3082 r
995 3022 1120 3082 ‘irritata
1133 3026 1210 3080 canis
1224 3023 1297 3098 quod

78 3119 168 3176 homo
190 3138 274 3194 quom
294 3117 411 3192 planius
434 3115 573 3193 (plurimo
593 3118 661 3176 olim
681 3119 830 3197 impressi)
852 3120 974 3181 dictut.''

160 3215 209 3271 20.
252 3212 366 3270 Nonius
387 3229 416 3287 p.
434 3210 498 3287 lli,
519 3214 554 3270 21
578 3210 762 3288 ‘'Gangreua
781 3221 829 3272 est
849 3231 964 3273 cancer.
985 3211 1295 3286 Lueretius(01imim·

79 3308 177 3385 pressi
202 3305 339 3383 Lutatium)
362 3312 524 3381 satyrarum
544 3306 619 3365 lih.r
640 3306 770 3384 ‘serpere
790 3309 832 3366 uti
853 3326 1008 3384 gangrena
1028 3326 1112 3364 mano
1135 3313 1223 3382 atque
1245 3305 1297 3382 (od

81 3422 160 3478 quem
182 3399 357 3473 L'eidensis)
377 3398 549 3477 herpestiea
568 3401 708 3474 posset’.''

158 3499 207 3554 21.
247 3491 362 3554 Nonius
384 3510 413 3567 p.
429 3494 497 3568 159,
518 3495 557 3552 24
582 3494 698 3554 “Prira
718 3497 865 3572 significat
885 3497 1009 3572 singula.
1052 3494 1187 3554 Lucilius
1219 3500 1297 3568 saty-

80 3607 179 3648 rarum
205 3589 281 3646 lih.1
303 3586 352 3644 ‘ad
374 3603 495 3645 caenum
583 3593 637 3648 isce
657 3593 809 3648 addomioa
830 3593 931 3667 thprnni
1016 3588 1132 3650 dabo'.'’
1211 3588 1296 3646 Idem

79 3703 111 3760 p.
126 3686 180 3756 36,
202 3685 238 3741 21
271 3679 415 3739 “Privum
442 3687 488 3740 est
511 3683 661 3758 proprium
688 3686 771 3744 unius
794 3686 934 3761 cuiusque
1031 3681 1107 3742 idem
1129 3682 1298 3742 ‘abdomina

21 3824 23 3828 .
84 3781 163 3834 tunm
183 3777 269 3853 priva
290 3774 404 3834 daho'.''
484 3775 599 3834 Gellius
615 3796 645 3852 x,
659 3781 697 3837 20
718 3778 807 3855 “quia
827 3784 943 3838 veteres
962 3779 1046 3855 priva
1068 3778 1207 3837 dixerunt
1221 3793 1297 3852 quae

81 3889 138 3929 nos
160 3871 280 3944 singula
300 3868 422 3926 dicimus
430 3886 438 3943 ;
460 3888 518 3945 quo
540 3872 630 3930 verbo
651 3871 785 3931 Lucilius
806 3872 836 3930 in
855 3874 951 3948 primo
966 3872 1122 3931 satirarum
1136 3871 1297 3932 librousus

83 3972 139 4040 est,
117 3963 334 4024 t‘abdomiua
354 3965 495 4040 thynni..
509 3966 723 4042 ,sophocleoque
743 3987 846 4026 deame
866 3967 961 4044 (corne
980 3964 1111 4042 regius)'.
1113 3966 1128 3991 ''

166 4148 213 4204 16
249 4147 325 4219 fucit
344 4144 411 4203 olim
433 4143 594 4204 additum
586 4162 616 4202 rn
636 4144 883 4222 exemplaribus
875 4144 1039 4222 impressis.

166 4223 214 4280 20
253 4224 331 4280 mota
360 4221 410 4281 Fr.
437 4223 550 4281 Dousa.
662 4223 758 4283 Hadr.
779 4223 884 4281 Iunius
904 4232 987 4297 atque
1009 4223 1103 4296 herpes
1127 4223 1177 4280 ita.
1213 4224 1298 4282 male.

86 4297 200 4358 Pollux
209 4317 255 4391 ιν,
276 4293 372 4357 206
323 4295 541 4396 conpescaris
566 4295 652 4368 ἕλκος
682 4298 801 4396 ἐνοχλεῖ
819 4319 891 4390 per
892 4299 1081 4393 πρεσβυτῶν
1100 4294 1230 4374 κνήμαις
1249 4298 1301 4358 καὶ

85 4373 196 4472 ποσίν,
225 4368 331 4437 i'un‘l't
319 4365 369 4434 o'te
395 4373 427 4433 ds
453 4396 504 4434 και
526 4381 638 4453 μηροῖς
662 4375 713 4436 καὶ
734 4376 850 4454 χερσίν·
881 4368 945 4434 ἔστι
971 4371 1005 4434 δὲ
1023 4369 1226 4436 υποπίλιδνον
1249 4373 1301 4435 καὶ

85 4449 211 4529 νέμεται
231 4472 282 4511 και
274 4448 487 4534 φλεγμαίνει.

1052 4545 1101 4612 1*
