<?xml version="1.0" encoding="UTF-8"?>
<!DOCTYPE html PUBLIC "-//W3C//DTD XHTML 1.0 Transitional//EN"
    "http://www.w3.org/TR/xhtml1/DTD/xhtml1-transitional.dtd">
<html xmlns="http://www.w3.org/1999/xhtml" xml:lang="en" lang="en">
 <head>
  <title>
</title>
<meta http-equiv="Content-Type" content="text/html;charset=utf-8" />
  <meta name='ocr-system' content='tesseract 3.04.00' />
  <meta name='ocr-capabilities' content='ocr_page ocr_carea ocr_par ocr_line ocrx_word'/>
</head>
<body>
  <div class='ocr_page' id='page_1' title='image "./saturarum02lucigoog_0072.png"; bbox 0 0 3204 5184; ppageno 0'>
   <div class='ocr_carea' id='block_1_1' title="bbox 96 385 1019 827">
    <p class='ocr_par' dir='ltr' id='par_1_1' title="bbox 96 385 1019 827">
     <span class='ocr_line' id='line_1_1' title="bbox 641 385 735 434; baseline 0 0"><span class='ocrx_word' id='word_1_1' title='bbox 641 385 735 434; x_wconf 82' lang='lat' dir='ltr'><strong>xxm</strong></span> 
     </span>
     <span class='ocr_line' id='line_1_2' title="bbox 96 550 892 640; baseline 0.003 -23"><span class='ocrx_word' id='word_1_2' title='bbox 96 559 147 617; x_wconf 81' lang='grc'><strong>520</strong></span> <span class='ocrx_word' id='word_1_3' title='bbox 286 552 421 636; x_wconf 76' lang='lat' dir='ltr'><strong>Insignis</strong></span> <span class='ocrx_word' id='word_1_4' title='bbox 443 550 531 620; x_wconf 83' lang='lat' dir='ltr'><strong>veris</strong></span> <span class='ocrx_word' id='word_1_5' title='bbox 554 551 699 619; x_wconf 88' lang='lat' dir='ltr'><strong>cruribus</strong></span> <span class='ocrx_word' id='word_1_6' title='bbox 722 560 754 620; x_wconf 85' lang='lat' dir='ltr'><strong>et</strong></span> <span class='ocrx_word' id='word_1_7' title='bbox 774 555 892 640; x_wconf 84' lang='lat' dir='ltr'><strong>petilis.</strong></span> 
     </span>
     <span class='ocr_line' id='line_1_3' title="bbox 285 739 1019 827; baseline 0.004 -23"><span class='ocrx_word' id='word_1_8' title='bbox 285 739 449 826; x_wconf 86' lang='lat' dir='ltr'>Zopyrion</span> <span class='ocrx_word' id='word_1_9' title='bbox 471 741 585 808; x_wconf 79' lang='lat' dir='ltr'>labeas</span> <span class='ocrx_word' id='word_1_10' title='bbox 609 739 716 808; x_wconf 83' lang='lat' dir='ltr'><strong>caedit</strong></span> <span class='ocrx_word' id='word_1_11' title='bbox 736 743 894 827; x_wconf 86' lang='lat' dir='ltr'>utrimque</span> <span class='ocrx_word' id='word_1_12' title='bbox 916 763 1019 811; x_wconf 88' lang='lat' dir='ltr'><strong>secus.</strong></span> 
     </span>
    </p>
   </div>
   <div class='ocr_carea' id='block_1_2' title="bbox 189 928 1102 1018">
    <p class='ocr_par' dir='ltr' id='par_1_2' title="bbox 189 928 1102 1018">
     <span class='ocr_line' id='line_1_4' title="bbox 189 928 1102 1018; baseline 0.007 -28"><span class='ocrx_word' id='word_1_13' title='bbox 189 946 305 994; x_wconf 81' lang='lat' dir='ltr'><strong>nasum</strong></span> <span class='ocrx_word' id='word_1_14' title='bbox 328 928 436 994; x_wconf 83' lang='lat' dir='ltr'><strong>rectiu’</strong></span> <span class='ocrx_word' id='word_1_15' title='bbox 461 948 545 996; x_wconf 89' lang='lat' dir='ltr'><strong>nuuc</strong></span> <span class='ocrx_word' id='word_1_16' title='bbox 565 929 685 996; x_wconf 86' lang='lat' dir='ltr'><strong>homini</strong></span> <span class='ocrx_word' id='word_1_17' title='bbox 708 935 758 998; x_wconf 86' lang='lat' dir='ltr'><strong>est</strong></span> <span class='ocrx_word' id='word_1_18' title='bbox 779 950 915 998; x_wconf 83' lang='lat' dir='ltr'><strong>suruene</strong></span> <span class='ocrx_word' id='word_1_19' title='bbox 937 932 1102 1018; x_wconf 79' lang='lat' dir='ltr'><strong>pedesne?</strong></span> 
     </span>
    </p>
   </div>
   <div class='ocr_carea' id='block_1_3' title="bbox 613 1251 768 1338">
    <p class='ocr_par' dir='ltr' id='par_1_3' title="bbox 613 1251 768 1338">
     <span class='ocr_line' id='line_1_5' title="bbox 613 1251 768 1338; baseline -0.006 0"><span class='ocrx_word' id='word_1_20' title='bbox 613 1251 768 1338; x_wconf 87' lang='lat' dir='ltr'>XXIII</span> 
     </span>
    </p>
   </div>
   <div class='ocr_carea' id='block_1_4' title="bbox 190 1413 1040 1530">
    <p class='ocr_par' dir='ltr' id='par_1_4' title="bbox 190 1413 1040 1530">
     <span class='ocr_line' id='line_1_6' title="bbox 190 1413 1040 1530; baseline 0.006 -23"><span class='ocrx_word' id='word_1_21' title='bbox 190 1441 414 1526; x_wconf 86' lang='lat' dir='ltr'><strong>iucundasque</strong></span> <span class='ocrx_word' id='word_1_22' title='bbox 436 1463 517 1528; x_wconf 89' lang='lat' dir='ltr'><strong>puer</strong></span> <span class='ocrx_word' id='word_1_23' title='bbox 540 1444 594 1530; x_wconf 92' lang='lat' dir='ltr'><strong>qui</strong></span> <span class='ocrx_word' id='word_1_24' title='bbox 616 1444 774 1511; x_wconf 78' lang='lat' dir='ltr'><strong>lamberet</strong></span> <span class='ocrx_word' id='word_1_25' title='bbox 795 1464 850 1511; x_wconf 91' lang='lat' dir='ltr'><strong>ore</strong></span> <span class='ocrx_word' id='word_1_26' title='bbox 872 1413 1040 1530; x_wconf 79' lang='lat' dir='ltr'><strong>placentas</strong></span> 
     </span>
    </p>
   </div>
   <div class='ocr_carea' id='block_1_5' title="bbox 613 1768 766 1854">
    <p class='ocr_par' dir='ltr' id='par_1_5' title="bbox 613 1768 766 1854">
     <span class='ocr_line' id='line_1_7' title="bbox 613 1768 766 1854; baseline 0.007 -3"><span class='ocrx_word' id='word_1_27' title='bbox 613 1768 766 1854; x_wconf 89' lang='lat' dir='ltr'>XXVI</span> 
     </span>
    </p>
   </div>
   <div class='ocr_carea' id='block_1_6' title="bbox 96 1965 1192 2240">
    <p class='ocr_par' dir='ltr' id='par_1_6' title="bbox 96 1965 1192 2240">
     <span class='ocr_line' id='line_1_8' title="bbox 192 1965 1192 2052; baseline 0.001 -21"><span class='ocrx_word' id='word_1_28' title='bbox 192 1986 258 2052; x_wconf 81' lang='lat' dir='ltr'><strong>qua</strong></span> <span class='ocrx_word' id='word_1_29' title='bbox 280 1972 410 2051; x_wconf 86' lang='lat' dir='ltr'><strong>propter</strong></span> <span class='ocrx_word' id='word_1_30' title='bbox 432 1967 542 2034; x_wconf 83' lang='lat' dir='ltr'><strong>delere</strong></span> <span class='ocrx_word' id='word_1_31' title='bbox 565 1972 596 2032; x_wconf 88' lang='lat' dir='ltr'><strong>et</strong></span> <span class='ocrx_word' id='word_1_32' title='bbox 618 1965 725 2052; x_wconf 91' lang='lat' dir='ltr'><strong>cupidi</strong></span> <span class='ocrx_word' id='word_1_33' title='bbox 747 1967 888 2033; x_wconf 87' lang='lat' dir='ltr'><strong>officium</strong></span> <span class='ocrx_word' id='word_1_34' title='bbox 909 1966 1027 2050; x_wconf 86' lang='lat' dir='ltr'><strong>fungor</strong></span> <span class='ocrx_word' id='word_1_35' title='bbox 1048 1967 1192 2034; x_wconf 88' lang='lat' dir='ltr'><strong>uberum.</strong></span> 
     </span>
     <span class='ocr_line' id='line_1_9' title="bbox 96 2153 1082 2240; baseline -0.004 -18"><span class='ocrx_word' id='word_1_36' title='bbox 96 2163 148 2222; x_wconf 81' lang='grc'><strong>525</strong></span> <span class='ocrx_word' id='word_1_37' title='bbox 186 2153 328 2222; x_wconf 89' lang='lat' dir='ltr'><strong>munifici</strong></span> <span class='ocrx_word' id='word_1_38' title='bbox 352 2174 523 2240; x_wconf 86' lang='lat' dir='ltr'><strong>comesque</strong></span> <span class='ocrx_word' id='word_1_39' title='bbox 546 2155 659 2221; x_wconf 84' lang='lat' dir='ltr'><strong>amieis</strong></span> <span class='ocrx_word' id='word_1_40' title='bbox 680 2155 799 2222; x_wconf 88' lang='lat' dir='ltr'><strong>nostris</strong></span> <span class='ocrx_word' id='word_1_41' title='bbox 821 2155 990 2223; x_wconf 84' lang='lat' dir='ltr'><strong>videamur</strong></span> <span class='ocrx_word' id='word_1_42' title='bbox 1012 2154 1082 2221; x_wconf 89' lang='lat' dir='ltr'><strong>viri.</strong></span> 
     </span>
    </p>
   </div>
   <div class='ocr_carea' id='block_1_7' title="bbox 190 2342 1294 2429">
    <p class='ocr_par' dir='ltr' id='par_1_7' title="bbox 190 2342 1294 2429">
     <span class='ocr_line' id='line_1_10' title="bbox 190 2342 1294 2429; baseline 0.001 -20"><span class='ocrx_word' id='word_1_43' title='bbox 190 2342 333 2428; x_wconf 88' lang='lat' dir='ltr'><strong>denique</strong></span> <span class='ocrx_word' id='word_1_44' title='bbox 349 2342 432 2410; x_wconf 85' lang='lat' dir='ltr'><strong>adeo</strong></span> <span class='ocrx_word' id='word_1_45' title='bbox 447 2343 533 2410; x_wconf 86' lang='lat' dir='ltr'><strong>male</strong></span> <span class='ocrx_word' id='word_1_46' title='bbox 547 2360 599 2409; x_wconf 88' lang='lat' dir='ltr'><strong>me</strong></span> <span class='ocrx_word' id='word_1_47' title='bbox 614 2342 776 2429; x_wconf 82' lang='lat' dir='ltr'><strong>accipiunt</strong></span> <span class='ocrx_word' id='word_1_48' title='bbox 789 2342 933 2410; x_wconf 85' lang='lat' dir='ltr'><strong>decimae</strong></span> <span class='ocrx_word' id='word_1_49' title='bbox 948 2349 979 2409; x_wconf 87' lang='lat' dir='ltr'><strong>et</strong></span> <span class='ocrx_word' id='word_1_50' title='bbox 993 2345 1186 2428; x_wconf 80' lang='lat' dir='ltr'><strong>proveniunt</strong></span> <span class='ocrx_word' id='word_1_51' title='bbox 1200 2344 1294 2428; x_wconf 85' lang='lat' dir='ltr'><strong>male,</strong></span> 
     </span>
    </p>
   </div>
   <div class='ocr_carea' id='block_1_8' title="bbox 82 2487 298 2506">
    <p class='ocr_par' dir='ltr' id='par_1_8' title="bbox 82 2487 298 2506">
     <span class='ocr_line' id='line_1_11' title="bbox 82 2487 298 2506; baseline -0.009 0"><span class='ocrx_word' id='word_1_52' title='bbox 82 2487 298 2506; x_wconf 46' lang='grc' dir='ltr'><strong>ψ</strong></span> 
     </span>
    </p>
   </div>
   <div class='ocr_carea' id='block_1_9' title="bbox 81 2564 1313 4156">
    <p class='ocr_par' dir='ltr' id='par_1_9' title="bbox 81 2564 1313 2739">
     <span class='ocr_line' id='line_1_12' title="bbox 160 2564 1313 2643; baseline -0.008 -16"><span class='ocrx_word' id='word_1_53' title='bbox 160 2569 229 2628; x_wconf 87' lang='grc'><strong>520.</strong></span> <span class='ocrx_word' id='word_1_54' title='bbox 268 2565 384 2626; x_wconf 90' lang='lat' dir='ltr'><strong>Nonius</strong></span> <span class='ocrx_word' id='word_1_55' title='bbox 406 2585 435 2643; x_wconf 90' lang='lat' dir='ltr'><strong>p.</strong></span> <span class='ocrx_word' id='word_1_56' title='bbox 451 2564 546 2640; x_wconf 83' lang='grc'><strong>149,1</strong></span> <span class='ocrx_word' id='word_1_57' title='bbox 569 2565 733 2642; x_wconf 78' lang='lat' dir='ltr'><strong>“Petilum‚</strong></span> <span class='ocrx_word' id='word_1_58' title='bbox 754 2572 841 2626; x_wconf 88' lang='lat' dir='ltr'><strong>tenue</strong></span> <span class='ocrx_word' id='word_1_59' title='bbox 862 2572 893 2626; x_wconf 81' lang='grc'><strong>51</strong></span> <span class='ocrx_word' id='word_1_60' title='bbox 912 2565 997 2628; x_wconf 85' lang='lat' dir='ltr'><strong>exile.</strong></span> <span class='ocrx_word' id='word_1_61' title='bbox 1037 2565 1170 2625; x_wconf 80' lang='lat' dir='ltr'><strong>Lucilius</strong></span> <span class='ocrx_word' id='word_1_62' title='bbox 1190 2565 1241 2626; x_wconf 88' lang='lat' dir='ltr'><strong>lib.</strong></span> <span class='ocrx_word' id='word_1_63' title='bbox 1251 2577 1313 2620; x_wconf 80' lang='lat' dir='ltr'><strong>ru·</strong></span> 
     </span>
     <span class='ocr_line' id='line_1_13' title="bbox 81 2661 1141 2739; baseline -0.003 -17"><span class='ocrx_word' id='word_1_64' title='bbox 81 2663 218 2738; x_wconf 80' lang='lat' dir='ltr'><strong>‘Insignis</strong></span> <span class='ocrx_word' id='word_1_65' title='bbox 238 2679 338 2720; x_wconf 71' lang='lat' dir='ltr'><strong>vlnus</strong></span> <span class='ocrx_word' id='word_1_66' title='bbox 360 2679 508 2719; x_wconf 83' lang='lat' dir='ltr'><strong>crucrsus</strong></span> <span class='ocrx_word' id='word_1_67' title='bbox 530 2667 560 2720; x_wconf 87' lang='lat' dir='ltr'><strong>el</strong></span> <span class='ocrx_word' id='word_1_68' title='bbox 580 2661 716 2739; x_wconf 80' lang='lat' dir='ltr'><strong>petilis&#39;.”</strong></span> <span class='ocrx_word' id='word_1_69' title='bbox 901 2717 906 2728; x_wconf 86' lang='grc'><strong>,</strong></span> <span class='ocrx_word' id='word_1_70' title='bbox 1136 2727 1141 2736; x_wconf 45' lang='grc'><strong>,</strong></span> 
     </span>
    </p>

    <p class='ocr_par' dir='ltr' id='par_1_10' title="bbox 83 2753 1294 2926">
     <span class='ocr_line' id='line_1_14' title="bbox 161 2753 1294 2832; baseline -0.002 -17"><span class='ocrx_word' id='word_1_71' title='bbox 161 2758 229 2816; x_wconf 89' lang='grc'><strong>521.</strong></span> <span class='ocrx_word' id='word_1_72' title='bbox 269 2755 386 2814; x_wconf 88' lang='lat' dir='ltr'><strong>Nouius</strong></span> <span class='ocrx_word' id='word_1_73' title='bbox 408 2774 436 2832; x_wconf 92' lang='lat' dir='ltr'><strong>p.</strong></span> <span class='ocrx_word' id='word_1_74' title='bbox 450 2757 518 2828; x_wconf 89' lang='grc'><strong>210,</strong></span> <span class='ocrx_word' id='word_1_75' title='bbox 535 2757 573 2816; x_wconf 81' lang='grc'><strong>28</strong></span> <span class='ocrx_word' id='word_1_76' title='bbox 593 2753 739 2815; x_wconf 84' lang='lat' dir='ltr'><strong>“Levium</strong></span> <span class='ocrx_word' id='word_1_77' title='bbox 754 2755 849 2814; x_wconf 80' lang='lat' dir='ltr'><strong>neutri</strong></span> <span class='ocrx_word' id='word_1_78' title='bbox 863 2760 910 2814; x_wconf 80' lang='lat' dir='ltr'><strong>est</strong></span> <span class='ocrx_word' id='word_1_79' title='bbox 923 2755 1039 2830; x_wconf 79' lang='lat' dir='ltr'><strong>generis</strong></span> <span class='ocrx_word' id='word_1_80' title='bbox 1053 2798 1077 2814; x_wconf 92' lang='lat'><strong>..</strong></span> <span class='ocrx_word' id='word_1_81' title='bbox 1091 2755 1214 2814; x_wconf 80' lang='grc'><strong>,155555</strong></span> <span class='ocrx_word' id='word_1_82' title='bbox 1234 2773 1294 2813; x_wconf 86' lang='lat' dir='ltr'><strong>rur-</strong></span> 
     </span>
     <span class='ocr_line' id='line_1_15' title="bbox 83 2849 1237 2926; baseline -0.003 -15"><span class='ocrx_word' id='word_1_83' title='bbox 83 2869 148 2911; x_wconf 92' lang='lat' dir='ltr'><strong>sum</strong></span> <span class='ocrx_word' id='word_1_84' title='bbox 170 2849 310 2910; x_wconf 78' lang='lat' dir='ltr'><strong>femiuini</strong></span> <span class='ocrx_word' id='word_1_85' title='bbox 396 2849 530 2910; x_wconf 80' lang='lat' dir='ltr'><strong>Lucilius</strong></span> <span class='ocrx_word' id='word_1_86' title='bbox 553 2855 718 2924; x_wconf 76' lang='lat' dir='ltr'><strong>satyrarum</strong></span> <span class='ocrx_word' id='word_1_87' title='bbox 738 2851 788 2910; x_wconf 92' lang='lat' dir='ltr'><strong>lib.</strong></span> <span class='ocrx_word' id='word_1_88' title='bbox 803 2869 868 2909; x_wconf 87' lang='lat' dir='ltr'><strong>xxrr</strong></span> <span class='ocrx_word' id='word_1_89' title='bbox 890 2849 1041 2926; x_wconf 83' lang='lat' dir='ltr'><strong>‘zopyrion</strong></span> <span class='ocrx_word' id='word_1_90' title='bbox 1057 2849 1237 2908; x_wconf 80' lang='lat' dir='ltr'><strong>...secus&#39;.&#39;&#39;</strong></span> 
     </span>
    </p>

    <p class='ocr_par' dir='ltr' id='par_1_11' title="bbox 81 2940 1296 3099">
     <span class='ocr_line' id='line_1_16' title="bbox 161 2940 1296 3020; baseline -0.002 -16"><span class='ocrx_word' id='word_1_91' title='bbox 161 2945 228 3004; x_wconf 83' lang='lat'><strong>522.</strong></span> <span class='ocrx_word' id='word_1_92' title='bbox 268 2944 385 3004; x_wconf 88' lang='lat' dir='ltr'><strong>Nonius</strong></span> <span class='ocrx_word' id='word_1_93' title='bbox 405 2962 435 3020; x_wconf 92' lang='lat' dir='ltr'><strong>p.</strong></span> <span class='ocrx_word' id='word_1_94' title='bbox 450 2945 516 3018; x_wconf 83' lang='lat'>215,</span> <span class='ocrx_word' id='word_1_95' title='bbox 531 2944 548 3002; x_wconf 90' lang='grc'><strong>5</strong></span> <span class='ocrx_word' id='word_1_96' title='bbox 571 2940 693 3002; x_wconf 82' lang='lat' dir='ltr'><strong>“Nesus</strong></span> <span class='ocrx_word' id='word_1_97' title='bbox 709 2943 859 3004; x_wconf 82' lang='lat' dir='ltr'><strong>...neutri</strong></span> <span class='ocrx_word' id='word_1_98' title='bbox 876 2943 1006 3004; x_wconf 89' lang='lat' dir='ltr'><strong>...idem</strong></span> <span class='ocrx_word' id='word_1_99' title='bbox 1027 2944 1077 3004; x_wconf 92' lang='lat' dir='ltr'><strong>lib.</strong></span> <span class='ocrx_word' id='word_1_100' title='bbox 1092 2962 1156 3000; x_wconf 87' lang='lat' dir='ltr'><strong>xxn</strong></span> <span class='ocrx_word' id='word_1_101' title='bbox 1182 2942 1296 3002; x_wconf 83' lang='lat' dir='ltr'><strong>‘nasum</strong></span> 
     </span>
     <span class='ocr_line' id='line_1_17' title="bbox 81 3038 318 3099; baseline 0.004 -3"><span class='ocrx_word' id='word_1_102' title='bbox 81 3057 200 3097; x_wconf 77' lang='lat' dir='ltr'><strong>sununs:</strong></span> <span class='ocrx_word' id='word_1_103' title='bbox 221 3038 318 3099; x_wconf 65' lang='lat' dir='ltr'><strong>sudl&#39;</strong></span> 
     </span>
    </p>

    <p class='ocr_par' dir='ltr' id='par_1_12' title="bbox 82 3131 1297 3400">
     <span class='ocr_line' id='line_1_18' title="bbox 160 3131 1296 3210; baseline -0.001 -18"><span class='ocrx_word' id='word_1_104' title='bbox 160 3135 228 3192; x_wconf 88' lang='grc'><strong>523.</strong></span> <span class='ocrx_word' id='word_1_105' title='bbox 269 3133 443 3194; x_wconf 79' lang='lat' dir='ltr'><strong>Priscianus</strong></span> <span class='ocrx_word' id='word_1_106' title='bbox 464 3151 493 3209; x_wconf 90' lang='lat' dir='ltr'><strong>p.</strong></span> <span class='ocrx_word' id='word_1_107' title='bbox 508 3132 566 3190; x_wconf 87' lang='grc'><strong>884</strong></span> <span class='ocrx_word' id='word_1_108' title='bbox 586 3131 725 3191; x_wconf 79' lang='lat' dir='ltr'><strong>“Lambo</strong></span> <span class='ocrx_word' id='word_1_109' title='bbox 746 3150 863 3210; x_wconf 86' lang='lat' dir='ltr'><strong>quoque</strong></span> <span class='ocrx_word' id='word_1_110' title='bbox 885 3132 983 3194; x_wconf 86' lang='lat' dir='ltr'><strong>lambi.</strong></span> <span class='ocrx_word' id='word_1_111' title='bbox 1014 3132 1148 3193; x_wconf 86' lang='lat' dir='ltr'><strong>Lucilius</strong></span> <span class='ocrx_word' id='word_1_112' title='bbox 1167 3137 1197 3194; x_wconf 93' lang='lat' dir='ltr'><strong>in</strong></span> <span class='ocrx_word' id='word_1_113' title='bbox 1218 3155 1296 3193; x_wconf 85' lang='lat' dir='ltr'><strong>xxm</strong></span> 
     </span>
     <span class='ocr_line' id='line_1_19' title="bbox 83 3225 1294 3306; baseline 0.001 -18"><span class='ocrx_word' id='word_1_114' title='bbox 83 3229 139 3305; x_wconf 90' lang='lat' dir='ltr'><strong>(sic</strong></span> <span class='ocrx_word' id='word_1_115' title='bbox 160 3227 261 3287; x_wconf 80' lang='lat' dir='ltr'><strong>omnia</strong></span> <span class='ocrx_word' id='word_1_116' title='bbox 280 3244 356 3304; x_wconf 85' lang='lat' dir='ltr'><strong>quae</strong></span> <span class='ocrx_word' id='word_1_117' title='bbox 376 3229 415 3284; x_wconf 91' lang='lat' dir='ltr'><strong>M.</strong></span> <span class='ocrx_word' id='word_1_118' title='bbox 437 3226 579 3286; x_wconf 77' lang='lat' dir='ltr'><strong>Hertzius</strong></span> <span class='ocrx_word' id='word_1_119' title='bbox 600 3225 675 3286; x_wconf 80' lang='lat' dir='ltr'><strong>vidie</strong></span> <span class='ocrx_word' id='word_1_120' title='bbox 695 3227 891 3303; x_wconf 82' lang='lat' dir='ltr'><strong>exemplaria,</strong></span> <span class='ocrx_word' id='word_1_121' title='bbox 918 3227 973 3287; x_wconf 92' lang='lat' dir='ltr'><strong>nisi</strong></span> <span class='ocrx_word' id='word_1_122' title='bbox 999 3228 1080 3306; x_wconf 91' lang='lat' dir='ltr'><strong>quod</strong></span> <span class='ocrx_word' id='word_1_123' title='bbox 1100 3229 1197 3288; x_wconf 86' lang='lat' dir='ltr'><strong>codex</strong></span> <span class='ocrx_word' id='word_1_124' title='bbox 1219 3228 1294 3291; x_wconf 84' lang='lat' dir='ltr'><strong>San·</strong></span> 
     </span>
     <span class='ocr_line' id='line_1_20' title="bbox 82 3320 1297 3400; baseline 0.002 -19"><span class='ocrx_word' id='word_1_125' title='bbox 82 3323 231 3400; x_wconf 80' lang='lat' dir='ltr'><strong>gallensis</strong></span> <span class='ocrx_word' id='word_1_126' title='bbox 253 3321 366 3380; x_wconf 86' lang='lat' dir='ltr'><strong>saeculi</strong></span> <span class='ocrx_word' id='word_1_127' title='bbox 386 3320 458 3380; x_wconf 88' lang='lat' dir='ltr'><strong>noni</strong></span> <span class='ocrx_word' id='word_1_128' title='bbox 479 3339 538 3380; x_wconf 90' lang='lat' dir='ltr'><strong>non</strong></span> <span class='ocrx_word' id='word_1_129' title='bbox 558 3321 651 3380; x_wconf 81' lang='lat' dir='ltr'><strong>habet</strong></span> <span class='ocrx_word' id='word_1_130' title='bbox 670 3320 798 3400; x_wconf 73' lang='lat' dir='ltr'><strong>inrum)</strong></span> <span class='ocrx_word' id='word_1_131' title='bbox 819 3320 1033 3397; x_wconf 78' lang='lat' dir='ltr'><strong>‘jucundusque</strong></span> <span class='ocrx_word' id='word_1_132' title='bbox 1049 3325 1297 3400; x_wconf 82' lang='lat' dir='ltr'><strong>...placentas’.&#39;&#39;</strong></span> 
     </span>
    </p>

    <p class='ocr_par' dir='ltr' id='par_1_13' title="bbox 82 3415 1294 3588">
     <span class='ocr_line' id='line_1_21' title="bbox 162 3415 1294 3493; baseline 0.004 -18"><span class='ocrx_word' id='word_1_133' title='bbox 162 3417 229 3475; x_wconf 90' lang='grc'><strong>524.</strong></span> <span class='ocrx_word' id='word_1_134' title='bbox 269 3415 387 3475; x_wconf 90' lang='lat' dir='ltr'><strong>Nonius</strong></span> <span class='ocrx_word' id='word_1_135' title='bbox 408 3434 437 3493; x_wconf 89' lang='lat' dir='ltr'><strong>p.</strong></span> <span class='ocrx_word' id='word_1_136' title='bbox 455 3418 531 3490; x_wconf 78' lang='lat' dir='ltr'>18,ss</span> <span class='ocrx_word' id='word_1_137' title='bbox 553 3415 715 3474; x_wconf 85' lang='lat' dir='ltr'><strong>“Delerere</strong></span> <span class='ocrx_word' id='word_1_138' title='bbox 736 3420 783 3474; x_wconf 84' lang='lat' dir='ltr'><strong>est</strong></span> <span class='ocrx_word' id='word_1_139' title='bbox 804 3416 943 3476; x_wconf 81' lang='lat' dir='ltr'><strong>derecto</strong></span> <span class='ocrx_word' id='word_1_140' title='bbox 964 3416 1117 3476; x_wconf 87' lang='lat' dir='ltr'><strong>decedere.</strong></span> <span class='ocrx_word' id='word_1_141' title='bbox 1140 3418 1294 3479; x_wconf 86' lang='lat' dir='ltr'><strong>...Lucil</strong></span> 
     </span>
     <span class='ocr_line' id='line_1_22' title="bbox 82 3509 754 3588; baseline -0.004 -20"><span class='ocrx_word' id='word_1_142' title='bbox 82 3530 158 3569; x_wconf 75' lang='lat' dir='ltr'><strong>xxvr</strong></span> <span class='ocrx_word' id='word_1_143' title='bbox 179 3511 374 3588; x_wconf 78' lang='lat' dir='ltr'><strong>‘quapropter</strong></span> <span class='ocrx_word' id='word_1_144' title='bbox 387 3555 394 3568; x_wconf 91' lang='lat'><strong>.</strong></span> <span class='ocrx_word' id='word_1_145' title='bbox 407 3509 554 3584; x_wconf 82' lang='lat' dir='ltr'><strong>..fungor</strong></span> <span class='ocrx_word' id='word_1_146' title='bbox 573 3509 754 3568; x_wconf 78' lang='lat' dir='ltr'><strong>sununsu&#39;.”</strong></span> 
     </span>
    </p>

    <p class='ocr_par' dir='ltr' id='par_1_14' title="bbox 81 3602 1295 3870">
     <span class='ocr_line' id='line_1_23' title="bbox 160 3602 1295 3681; baseline 0.001 -17"><span class='ocrx_word' id='word_1_147' title='bbox 160 3606 226 3664; x_wconf 82' lang='lat'><strong>525.</strong></span> <span class='ocrx_word' id='word_1_148' title='bbox 266 3604 383 3664; x_wconf 90' lang='lat' dir='ltr'><strong>Nonius</strong></span> <span class='ocrx_word' id='word_1_149' title='bbox 403 3623 432 3681; x_wconf 92' lang='lat' dir='ltr'><strong>p.</strong></span> <span class='ocrx_word' id='word_1_150' title='bbox 447 3606 494 3680; x_wconf 84' lang='lat'><strong>23,</strong></span> <span class='ocrx_word' id='word_1_151' title='bbox 511 3605 547 3662; x_wconf 79' lang='grc'><strong>14</strong></span> <span class='ocrx_word' id='word_1_152' title='bbox 567 3602 720 3664; x_wconf 82' lang='lat' dir='ltr'><strong>“Mones&#39;&#39;.</strong></span> <span class='ocrx_word' id='word_1_153' title='bbox 750 3604 782 3662; x_wconf 95' lang='lat' dir='ltr'><strong>id</strong></span> <span class='ocrx_word' id='word_1_154' title='bbox 796 3609 843 3663; x_wconf 81' lang='lat' dir='ltr'><strong>est</strong></span> <span class='ocrx_word' id='word_1_155' title='bbox 854 3623 960 3663; x_wconf 76' lang='lat' dir='ltr'><strong>moeses</strong></span> <span class='ocrx_word' id='word_1_156' title='bbox 981 3605 1042 3665; x_wconf 87' lang='lat' dir='ltr'><strong>sive</strong></span> <span class='ocrx_word' id='word_1_157' title='bbox 1062 3627 1161 3666; x_wconf 78' lang='grc'><strong>555555.</strong></span> <span class='ocrx_word' id='word_1_158' title='bbox 1193 3613 1295 3666; x_wconf 79' lang='grc'><strong>55555-</strong></span> 
     </span>
     <span class='ocr_line' id='line_1_24' title="bbox 81 3699 1295 3776; baseline 0.002 -19"><span class='ocrx_word' id='word_1_159' title='bbox 81 3719 131 3758; x_wconf 75' lang='grc'><strong>555</strong></span> <span class='ocrx_word' id='word_1_160' title='bbox 147 3704 176 3758; x_wconf 84' lang='grc'><strong>51</strong></span> <span class='ocrx_word' id='word_1_161' title='bbox 189 3702 331 3776; x_wconf 61' lang='lat' dir='ltr'><strong>munificos</strong></span> <span class='ocrx_word' id='word_1_162' title='bbox 351 3705 465 3758; x_wconf 81' lang='lat' dir='ltr'><strong>veteres</strong></span> <span class='ocrx_word' id='word_1_163' title='bbox 487 3716 546 3758; x_wconf 89' lang='lat' dir='ltr'><strong>non</strong></span> <span class='ocrx_word' id='word_1_164' title='bbox 566 3706 627 3758; x_wconf 78' lang='lat' dir='ltr'><strong>tum</strong></span> <span class='ocrx_word' id='word_1_165' title='bbox 647 3700 753 3774; x_wconf 83' lang='lat' dir='ltr'><strong>largos</strong></span> <span class='ocrx_word' id='word_1_166' title='bbox 774 3699 886 3758; x_wconf 80' lang='lat' dir='ltr'><strong>dixisse</strong></span> <span class='ocrx_word' id='word_1_167' title='bbox 908 3717 995 3776; x_wconf 86' lang='lat' dir='ltr'><strong>quern</strong></span> <span class='ocrx_word' id='word_1_168' title='bbox 1016 3702 1235 3760; x_wconf 77' lang='lat' dir='ltr'><strong>consentientes</strong></span> <span class='ocrx_word' id='word_1_169' title='bbox 1257 3701 1295 3761; x_wconf 82' lang='lat' dir='ltr'><strong>ud</strong></span> 
     </span>
     <span class='ocr_line' id='line_1_25' title="bbox 83 3788 1132 3870; baseline 0.002 -19"><span class='ocrx_word' id='word_1_170' title='bbox 83 3811 118 3852; x_wconf 83' lang='lat' dir='ltr'><strong>ea</strong></span> <span class='ocrx_word' id='word_1_171' title='bbox 138 3811 216 3870; x_wconf 82' lang='lat' dir='ltr'><strong>quae</strong></span> <span class='ocrx_word' id='word_1_172' title='bbox 237 3794 323 3852; x_wconf 81' lang='lat' dir='ltr'><strong>amici</strong></span> <span class='ocrx_word' id='word_1_173' title='bbox 343 3794 463 3854; x_wconf 76' lang='lat' dir='ltr'><strong>vellent.</strong></span> <span class='ocrx_word' id='word_1_174' title='bbox 492 3791 647 3852; x_wconf 88' lang='lat' dir='ltr'><strong>“Lucilius</strong></span> <span class='ocrx_word' id='word_1_175' title='bbox 669 3792 722 3852; x_wconf 92' lang='lat' dir='ltr'><strong>lib.</strong></span> <span class='ocrx_word' id='word_1_176' title='bbox 738 3811 812 3850; x_wconf 79' lang='lat' dir='ltr'><strong>xxvi</strong></span> <span class='ocrx_word' id='word_1_177' title='bbox 833 3788 970 3852; x_wconf 71' lang='lat' dir='ltr'><strong>‘munifici</strong></span> <span class='ocrx_word' id='word_1_178' title='bbox 987 3795 1132 3855; x_wconf 83' lang='lat' dir='ltr'><strong>...vlri’.&#39;’</strong></span> 
     </span>
    </p>

    <p class='ocr_par' dir='ltr' id='par_1_15' title="bbox 84 3887 1297 4156">
     <span class='ocr_line' id='line_1_26' title="bbox 161 3887 1294 3965; baseline 0.004 -19"><span class='ocrx_word' id='word_1_179' title='bbox 161 3889 227 3948; x_wconf 91' lang='grc'><strong>526.</strong></span> <span class='ocrx_word' id='word_1_180' title='bbox 268 3887 385 3947; x_wconf 87' lang='lat' dir='ltr'><strong>Nonius</strong></span> <span class='ocrx_word' id='word_1_181' title='bbox 405 3907 434 3965; x_wconf 89' lang='lat' dir='ltr'><strong>p.</strong></span> <span class='ocrx_word' id='word_1_182' title='bbox 450 3890 514 3964; x_wconf 87' lang='grc'><strong>521,</strong></span> <span class='ocrx_word' id='word_1_183' title='bbox 533 3891 548 3946; x_wconf 98' lang='grc'><strong>1</strong></span> <span class='ocrx_word' id='word_1_184' title='bbox 571 3887 773 3946; x_wconf 83' lang='lat' dir='ltr'><strong>“Proventum</strong></span> <span class='ocrx_word' id='word_1_185' title='bbox 792 3887 882 3948; x_wconf 86' lang='lat' dir='ltr'><strong>etiam</strong></span> <span class='ocrx_word' id='word_1_186' title='bbox 901 3888 1044 3949; x_wconf 81' lang='lat' dir='ltr'><strong>malcrum</strong></span> <span class='ocrx_word' id='word_1_187' title='bbox 1064 3891 1294 3956; x_wconf 75' lang='grc'><strong>5555511555-</strong></span> 
     </span>
     <span class='ocr_line' id='line_1_27' title="bbox 84 3980 1297 4062; baseline 0.002 -20"><span class='ocrx_word' id='word_1_188' title='bbox 84 3988 163 4042; x_wconf 82' lang='lat' dir='ltr'><strong>teres</strong></span> <span class='ocrx_word' id='word_1_189' title='bbox 188 3983 353 4042; x_wconf 88' lang='lat' dir='ltr'><strong>voluerunt.</strong></span> <span class='ocrx_word' id='word_1_190' title='bbox 400 3980 535 4041; x_wconf 88' lang='lat' dir='ltr'><strong>Lucilius</strong></span> <span class='ocrx_word' id='word_1_191' title='bbox 564 3981 615 4041; x_wconf 90' lang='lat' dir='ltr'><strong>lib.</strong></span> <span class='ocrx_word' id='word_1_192' title='bbox 631 4000 707 4039; x_wconf 87' lang='lat' dir='ltr'><strong>xxvr</strong></span> <span class='ocrx_word' id='word_1_193' title='bbox 734 3980 871 4058; x_wconf 85' lang='lat' dir='ltr'><strong>‘denique</strong></span> <span class='ocrx_word' id='word_1_194' title='bbox 900 3981 961 4059; x_wconf 93' lang='lat' dir='ltr'><strong>(sic</strong></span> <span class='ocrx_word' id='word_1_195' title='bbox 987 3983 1152 4044; x_wconf 88' lang='lat' dir='ltr'><strong>Mercerus:</strong></span> <span class='ocrx_word' id='word_1_196' title='bbox 1182 3988 1297 4062; x_wconf 81' lang='lat' dir='ltr'><strong>deinque</strong></span> 
     </span>
     <span class='ocr_line' id='line_1_28' title="bbox 84 4075 1204 4156; baseline 0.001 -19"><span class='ocrx_word' id='word_1_197' title='bbox 84 4075 198 4153; x_wconf 88' lang='lat' dir='ltr'><strong>Iunius,</strong></span> <span class='ocrx_word' id='word_1_198' title='bbox 219 4078 281 4135; x_wconf 77' lang='lat' dir='ltr'><strong>dein</strong></span> <span class='ocrx_word' id='word_1_199' title='bbox 302 4097 372 4156; x_wconf 81' lang='lat' dir='ltr'><strong>quae</strong></span> <span class='ocrx_word' id='word_1_200' title='bbox 396 4075 598 4151; x_wconf 82' lang='lat' dir='ltr'><strong>Basileenses‚</strong></span> <span class='ocrx_word' id='word_1_201' title='bbox 618 4077 767 4154; x_wconf 76' lang='lat' dir='ltr'><strong>deindeque</strong></span> <span class='ocrx_word' id='word_1_202' title='bbox 787 4077 855 4136; x_wconf 86' lang='lat' dir='ltr'><strong>olim</strong></span> <span class='ocrx_word' id='word_1_203' title='bbox 875 4077 1025 4154; x_wconf 84' lang='lat' dir='ltr'><strong>impressi)</strong></span> <span class='ocrx_word' id='word_1_204' title='bbox 1040 4122 1046 4135; x_wconf 92' lang='lat'><strong>.</strong></span> <span class='ocrx_word' id='word_1_205' title='bbox 1059 4122 1065 4136; x_wconf 93' lang='lat'><strong>.</strong></span> <span class='ocrx_word' id='word_1_206' title='bbox 1077 4122 1083 4135; x_wconf 91' lang='lat'><strong>.</strong></span> <span class='ocrx_word' id='word_1_207' title='bbox 1095 4079 1204 4138; x_wconf 86' lang='lat' dir='ltr'><strong>mele’.’&#39;</strong></span> 
     </span>
    </p>
   </div>
   <div class='ocr_carea' id='block_1_10' title="bbox 161 4289 1030 4524">
    <p class='ocr_par' dir='ltr' id='par_1_16' title="bbox 161 4289 1030 4524">
     <span class='ocr_line' id='line_1_29' title="bbox 161 4289 622 4352; baseline -0.009 0"><span class='ocrx_word' id='word_1_208' title='bbox 161 4293 228 4352; x_wconf 84' lang='grc'><strong>520.</strong></span> <span class='ocrx_word' id='word_1_209' title='bbox 267 4297 345 4352; x_wconf 72' lang='lat' dir='ltr'><strong>caru</strong></span> <span class='ocrx_word' id='word_1_210' title='bbox 364 4291 487 4350; x_wconf 67' lang='grc'><strong>55551555</strong></span> <span class='ocrx_word' id='word_1_211' title='bbox 507 4289 622 4350; x_wconf 84' lang='grc'><strong>155155.</strong></span> 
     </span>
     <span class='ocr_line' id='line_1_30' title="bbox 162 4369 647 4445; baseline 0 -17"><span class='ocrx_word' id='word_1_212' title='bbox 162 4371 228 4429; x_wconf 88' lang='grc'><strong>522.</strong></span> <span class='ocrx_word' id='word_1_213' title='bbox 268 4371 372 4430; x_wconf 90' lang='lat' dir='ltr'><strong>Iunius</strong></span> <span class='ocrx_word' id='word_1_214' title='bbox 392 4387 505 4428; x_wconf 75' lang='grc'><strong>5555555</strong></span> <span class='ocrx_word' id='word_1_215' title='bbox 522 4369 647 4445; x_wconf 78' lang='lat' dir='ltr'><strong>pedesve.</strong></span> 
     </span>
     <span class='ocr_line' id='line_1_31' title="bbox 163 4441 1030 4524; baseline -0.006 -17"><span class='ocrx_word' id='word_1_216' title='bbox 163 4448 229 4508; x_wconf 87' lang='grc'><strong>524.</strong></span> <span class='ocrx_word' id='word_1_217' title='bbox 268 4449 381 4523; x_wconf 68' lang='lat' dir='ltr'><strong>Dente,</strong></span> <span class='ocrx_word' id='word_1_218' title='bbox 401 4446 505 4524; x_wconf 84' lang='lat' dir='ltr'><strong>inquit,</strong></span> <span class='ocrx_word' id='word_1_219' title='bbox 526 4451 557 4506; x_wconf 78' lang='lat' dir='ltr'><strong>el</strong></span> <span class='ocrx_word' id='word_1_220' title='bbox 577 4444 679 4506; x_wconf 87' lang='lat' dir='ltr'><strong>slmilis</strong></span> <span class='ocrx_word' id='word_1_221' title='bbox 700 4462 764 4506; x_wconf 88' lang='lat' dir='ltr'><strong>surn</strong></span> <span class='ocrx_word' id='word_1_222' title='bbox 784 4457 877 4521; x_wconf 90' lang='lat' dir='ltr'><strong>puero</strong></span> <span class='ocrx_word' id='word_1_223' title='bbox 896 4441 1030 4502; x_wconf 80' lang='lat' dir='ltr'><strong>lactenti.</strong></span> 
     </span>
    </p>
   </div>
   <div class='ocr_carea' id='block_1_11' title="bbox 0 0 1608 5184">
    <p class='ocr_par' dir='ltr' id='par_1_17' title="bbox 0 0 1608 5184">
     <span class='ocr_line' id='line_1_32' title="bbox 0 0 1608 5184; baseline 0 0"><span class='ocrx_word' id='word_1_224' title='bbox 0 0 1608 5184; x_wconf 95' lang='lat' dir='ltr'><strong> </strong></span> 
     </span>
    </p>
   </div>
  </div>
 </body>
</html>
