3202 5180
311 399 351 466 10
893 397 936 446 111

309 568 329 609 *
347 581 377 639 tt
419 585 530 633 verum
553 566 632 632 haec
654 565 748 632 ludus
770 566 817 631 ibi
839 585 958 649 susque
980 566 1088 632 omnia
1109 565 1215 650 deque
1237 565 1375 647 fuerunt,

410 669 541 753 'susque'
557 674 589 735 et
610 667 714 753 deque
737 668 836 754 fuere,
859 669 1000 754 inquam,
1023 670 1132 735 omnia
1153 668 1240 735 ludu’
1265 667 1434 750 iocurque:

415 771 496 837 illud
519 791 599 857 opus
622 771 746 857 durum,
770 777 805 838 u't
827 772 970 838 Setinum
993 771 1177 839 accessimu’
1199 770 1304 855 finem,

416 870 583 962 atyttmoc
605 879 737 961 montes,
762 875 886 942 Aetnae
909 895 1030 961 ornnes,
1054 874 1163 961 asperi
1186 874 1340 940 Athones.

416 1084 550 1131 cernuus
573 1061 732 1149 externplo
755 1060 883 1147 plantas
906 1062 1063 1129 convestit
1084 1063 1246 1128 honestas.

343 1270 378 1328 aa
419 1254 551 1320 crebrae
573 1258 608 1319 ut
630 1251 798 1337 scintillae,
821 1253 855 1316 in
877 1250 1033 1317 striaturis
1056 1248 1143 1334 quod
1166 1268 1268 1333 genus
1291 1248 1369 1314 alirn

416 1357 552 1424 ferventi
575 1355 659 1422 ferro
1215 1367 1217 1374 ¹

414 1545 563 1610 bronchu’
588 1544 777 1611 Bovillanus
800 1543 897 1609 dente
918 1541 1057 1610 adverso
1081 1541 1220 1609 eminulo
1243 1541 1296 1608 hic
1318 1546 1366 1607 est

414 1646 599 1713 rhinoceros
621 1648 708 1714 velut
730 1646 918 1736 Aethiopus.

414 1853 479 1898 non
500 1835 635 1922 peperit,
658 1852 769 1902 verum
791 1837 916 1921 postica
937 1840 1029 1920 perte
1052 1832 1205 1922 profudit.

386 2143 431 2200 ts.
473 2137 588 2200 Gellius
604 2143 698 2214 xv1,9
720 2140 756 2199 de
783 2155 890 2215 susque
911 2137 1007 2214 deque
1034 2137 1187 2196 “Lucilius
1206 2137 1237 2195 in
1255 2136 1341 2197 tertio
1363 2137 1523 2196 berum...

308 2234 482 2295 Athones’.”
1551 2302 1552 2308 ἵ

387 2328 431 2390 19.
471 2329 586 2389 Nonius
609 2347 637 2406 p.
659 2331 706 2404 21,
728 2323 928 2386 l'“Cernuus
957 2325 1066 2385 dicitur
1093 2326 1212 2402 proprie
1233 2327 1403 2404 inclinatus,
1434 2331 1522 2406 quasi

309 2425 390 2503 quod
410 2431 518 2484 terram
539 2430 650 2483 cernat.-
677 2423 826 2482 Lucilius
850 2428 939 2498 satyr.
960 2421 1012 2480 lib.
1037 2440 1071 2477 nr
1092 2419 1476 2484 ‘cernuus...h0nestes’.’'

386 2523 431 2579 80.
472 2519 587 2579 Nonius
608 2537 637 2594 p.
652 2519 698 2591 21,
712 2520 747 2576 15
769 2516 952 2577 “Stricturae
975 2516 1111 2575 dicuntur
1130 2517 1250 2592 proprie
1272 2517 1422 2577 scintillae
1444 2537 1523 2596 ques

311 2614 346 2671 de
367 2614 445 2673 ferro
460 2614 585 2673 ferventi
605 2618 683 2670 eunt.
709 2657 715 2670 .
729 2658 735 2670 .
748 2658 755 2670 .
766 2611 900 2670 Lucilius
916 2616 1079 2688 satyrarum
1093 2610 1188 2670 lib.111
1205 2612 1336 2672 ‘crebrae
1348 2658 1355 2671 .
1369 2658 1375 2670 .
1389 2659 1395 2670 .
1407 2613 1524 2672 ferro’.'’

388 2710 433 2768 82.
473 2708 590 2784 Nonius
610 2727 639 2784 p.
654 2709 701 2781 25,
713 2708 749 2765 28
771 2706 901 2766 “Bronci
921 2712 989 2766 sunt
1008 2705 1154 2783 producto
1176 2721 1224 2762 ore
1245 2710 1275 2764 et
1296 2705 1432 2768 dentibus
1454 2726 1524 2785 pro-

309 2805 494 2864 minentibus.
534 2803 667 2862 Lucilius
694 2807 858 2878 satyrarum
878 2801 928 2861 lib.
946 2821 978 2858 ur
1001 2801 1138 2860 ‘broncus
1157 2818 1251 2856 uovrr
1275 2803 1526 2863 1111115...τίηο-

310 2899 431 2957 ceros'.''
521 2898 693 2957 Priscianus
724 2897 799 2956 libro
821 2916 852 2953 vr
878 2915 908 2973 p.
930 2898 986 2956 689
1015 2893 1177 2954 “Lucillius
1205 2894 1325 2968 (nebulo
1353 2897 1525 2973 Lipsiensis

311 2994 374 3052 sine
407 3000 478 3052 nota
503 2995 595 3051 lacce'l.
616 2998 645 3051 c'a
669 2991 734 3070 1111)
764 2991 932 3067 Aethiopus
960 2987 1036 3046 dixit
1063 3006 1117 3064 pro
1144 2987 1310 3064 Aethiops,
1343 2989 1526 3051 ‘rhinoceros

311 3087 399 3165 (idem
420 3089 528 3146 nebulo
547 3089 714 3164 rhinocerus)
736 3089 817 3146 velut
838 3082 1042 3160 Aethiopus'.'’

389 3183 434 3241 84.
475 3181 590 3240 Nonius
611 3201 641 3257 p.
662 3179 728 3257 217,
750 3183 785 3242 lb
812 3179 983 3239 “Postioom
1008 3177 1147 3237 feminino
1173 3195 1283 3252 genere
1305 3180 1525 3241 consuetudine

313 3277 508 3354 appellemus.
539 3275 672 3335 Lucilius
694 3281 860 3352 satyrarum
880 3274 930 3333 lib.
942 3292 975 3330 111
996 3271 1062 3330 ‘non
1078 3317 1085 3332 .
1098 3318 1104 3332 .
1117 3318 1124 3332 .
1135 3291 1231 3330 vrnuru
1243 3319 1249 3332 .
1262 3319 1269 3331 .
1282 3319 1288 3333 .
1300 3275 1524 3336 ruoruunrr'.”

393 3557 438 3616 79.
482 3556 597 3615 Paulus
628 3575 665 3615 ex
690 3557 783 3616 Festo
809 3557 885 3616 libro
906 3574 938 3614 111
958 3575 988 3633 p.
1004 3558 1042 3614 42
1068 3555 1156 3614 Lind.
1187 3556 1320 3626 Cerasus,
1353 3557 1527 3614 calciamenti

311 3653 402 3711 penas.
433 3635 502 3693 item
522 3634 655 3692 Isidorus
677 3634 750 3709 orig.
766 3653 830 3709 xrx,
847 3635 885 3693 34
906 3633 1004 3692 Coraci
1026 3638 1098 3692 socco¹
1116 3644 1178 3691 suat
1196 3637 1252 3692 siaa
1272 3635 1339 3691 solo.
1366 3631 1422 3690 hoc
1444 3633 1525 3708 quod

313 3710 450 3786 Scaliger
475 3711 621 3770 aVerrio
648 3711 760 3770 Flacco
790 3729 826 3769 ex
853 3729 940 3770 versu
961 3711 1068 3769 Lucilii
1096 3710 1171 3770 male
1198 3711 1348 3769 intellecto
1376 3710 1525 3768 detortum

313 3796 425 3856 censet,
447 3806 505 3847 non
527 3788 628 3849 debuit
646 3789 713 3847 eliis
728 3789 869 3848 credibile
884 3789 986 3847 videri.
1007 3789 1122 3846 facilius
1138 3788 1234 3846 dicem
1249 3787 1377 3848 Nonium
1391 3787 1421 3845 in
1438 3805 1526 3846 versu

311 3867 421 3925 Lucilii
442 3865 621 3943 exponendo
643 3883 795 3941 peccasse,
816 3874 849 3924 ut
868 3867 1005 3942 peccavit
1025 3867 1082 3924 alio
1104 3866 1234 3924 eiusdem
1254 3873 1362 3943 poetae
1378 3882 1465 3924 versu
1488 3883 1527 3923 cx

310 3945 388 4003 libro
413 3964 498 4002 xxvu
526 3942 582 4002 huc
607 3944 710 4002 relato.
752 3944 805 4001 sed
837 3961 903 4000 curn
928 3943 1039 4002 Paulus
1065 3947 1100 4001 et*
1121 3943 1256 4001 Isidorus
1286 3942 1392 4000 Lucilii
1419 3960 1525 4000 nornen

311 4041 368 4080 non
384 4022 523 4098 habeant,
545 4019 592 4080 hic
605 4028 708 4080 noster
719 4038 821 4079 versus
834 4021 983 4096 quomodo
994 4019 1213 4095 intellegendus
1226 4021 1263 4079 sit
1276 4019 1335 4078 dici
1345 4038 1403 4078 non
1415 4027 1524 4095 potest.

390 4104 453 4174 80„
474 4101 629 4159 Stricturae
649 4105 718 4157 sunt
737 4115 854 4157 massae
875 4098 943 4157 ferri
963 4098 1158 4174 procudenda
1179 4104 1327 4156 extentae.
1407 4096 1524 4156 *Gaul

313 4195 416 4236 comm.
437 4178 466 4235 in
488 4177 578 4236 Lucr.
597 4195 627 4252 p.
643 4177 689 4235 86.

390 4257 436 4314 82.
468 4256 562 4314 Recte
574 4253 649 4313 haec
661 4251 813 4311 coniunxit
828 4251 878 4310 Fr.
889 4252 1001 4310 Dousa.
1025 4251 1094 4310 hinc
1109 4253 1251 4312 Horatius
1266 4250 1349 4309 duxit
1364 4249 1447 4324 illud,
1463 4255 1527 4326 apoc·

244 4352 245 4357 ¹
312 4342 336 4390 te
356 4333 424 4390 Erec
442 4335 496 4401 scri
516 4335 629 4390 similem
652 4334 722 4389 dico.
782 4329 926 4387 Branchus
945 4329 1093 4389 Graecum
1114 4335 1169 4406 est,
1192 4336 1301 4405 guttur.
1361 4329 1527 4387 Bouillauas

313 4410 433 4484 egregie
455 4409 609 4467 Turnebus
630 4409 660 4467 in
681 4407 860 4467 adversariis
882 4425 956 4480 xvrr,
978 4407 1023 4465 24.

391 4487 437 4548 84.
477 4505 569 4544 aarum
588 4487 733 4562 impressi.
825 4485 957 4561 profudit
977 4483 1025 4543 elii
1046 4484 1126 4563 apud
1147 4485 1197 4544 Fr.
1219 4483 1359 4541 Dousem.
