3204 5184
291 361 333 427 92
765 349 1028 414 xxvr—xxvnri
1060 344 1063 348 ’
1122 396 1128 407 .

399 539 562 618 nequeunt
582 534 714 618 prodire
737 534 769 598 in
793 533 902 615 altum,
925 531 1115 617 proeliarier

321 637 323 640 ’
398 639 510 720 procul
534 637 592 702 sub
615 636 690 720 vite,

310 832 361 891 845
404 831 470 889 tum
493 824 660 910 ephebum,
683 825 833 910 quoidam
857 843 951 908 quem
974 830 1091 890 vocant
1112 828 1299 907 parectaton

747 1021 843 1097 atque
867 1032 977 1080 omnes
999 1011 1195 1077 mandorum
1217 1013 1314 1094 gulae

300 1207 304 1214 '
400 1203 557 1288 asparagi
579 1203 693 1268 molles
716 1208 748 1268 et
770 1201 873 1268 viride
895 1222 990 1288 cyma

399 1411 515 1458 serena
537 1389 620 1456 caeli
642 1391 784 1456 momina
806 1397 837 1457 et
858 1391 936 1456 salis
959 1389 1058 1456 fretus

880 1582 908 1645 si
932 1580 1060 1670 argenti
1081 1579 1209 1662 indiges

314 1775 366 1832 850
631 1769 778 1854 Hymnis,
802 1771 920 1836 vollem
941 1775 973 1836 te
995 1733 1139 1854 idquod
1161 1735 1271 1835 verum
1293 1775 1343 1835 est
1365 1767 1497 1834 eredere.

373 2045 437 2103 843.
480 2046 593 2107 Paulus
617 2047 759 2108 diaconus
786 2067 815 2125 p.
833 2049 888 2107 144
912 2047 996 2109 “Sub
1023 2047 1111 2107 vitem
1135 2045 1275 2124 proeliari
1299 2045 1436 2106 dicuntur
1453 2045 1498 2104 mi·

293 2137 371 2214 lites,
386 2156 451 2198 oum
466 2142 521 2200 sub
538 2142 623 2201 vinea
634 2143 752 2202 militari
766 2150 910 2219 pugnant.
934 2137 1068 2202 Lucilius
1084 2141 1197 2202 ‘nauus
1212 2141 1334 2218 prodire
1351 2187 1377 2200 ..
1392 2188 1398 2200 .
1411 2160 1497 2198 snos·

293 2251 377 2290 nrnnr
395 2237 545 2297 ...vite'.”
625 2239 735 2298 Festus
756 2257 785 2314 p.
803 2241 902 2312 310,6
924 2237 1014 2286 “--
1033 2238 1058 2296 ri
1079 2237 1216 2296 dicuutur
1432 2234 1496 2293 mili·

296 2329 430 2405 tflripug
630 2353 690 2395 uua
706 2333 826 2410 prodire
1032 2333 1061 2390 ul
1078 2332 1241 2392 subrite'.'’
1320 2329 1498 2406 (xxvi-xxix)

370 2425 436 2482 845.
474 2425 589 2486 Nonius
604 2426 687 2505 pot,
701 2430 737 2488 14
757 2428 954 2487 “Parectatoe
970 2472 976 2485 .
990 2473 996 2486 .
1010 2426 1105 2484 ‚idem
1118 2429 1243 2486 uicesimo
1260 2425 1357 2483 ‘suun
1372 2425 1498 2484 elosbum

295 2535 450 2577 ouunnsu
465 2566 471 2578 .
485 2566 491 2577 .
505 2564 510 2575 .
524 2523 735 2595 parcctatou'.’'
767 2517 868 2582 cetera
887 2521 1036 2597 adscripsi
1054 2519 1130 2579 libro
1141 2538 1181 2584 rx,
1192 2522 1258 2580 280.
1318 2517 1497 2594 (xxvi-xxm)

371 2613 437 2671 846.
477 2613 594 2672 Nonius
615 2633 643 2691 p.
661 2618 706 2688 17,
721 2619 755 2676 15
782 2616 1019 2690 “Manducouos,
1048 2614 1098 2690 qui
1123 2603 1262 2674 manduci
1288 2613 1361 2674 dicti
1385 2618 1499 2672 suntet

295 2706 472 2781 mandoucs,·
489 2707 608 2767 edaces.
638 2708 819 2786 Pomponius
835 2710 1004 2770 Pictonibus
1030 2707 1172 2782 ‘Magnus
1193 2709 1357 2768 manducus
1375 2707 1498 2767 camillus

296 2801 469 2878 (Campanos
488 2804 572 2878 puto)
594 2803 760 2864 cauterius'.
793 2805 926 2862 Lucilius
948 2803 1048 2880 ‘atque
1076 2819 1177 2862 omues
1199 2802 1379 2862 maudonum
1400 2799 1498 2879 gulae'.

295 2896 394 2956 Varro
416 2895 560 2972 Vimargo
590 2897 709 2974 ‘magna
735 2906 768 2959 ut
793 2898 914 2974 (rectius
933 2898 987 2975 uti)
1013 2896 1187 2955 Tremescat
1207 2897 1304 2956 Roma
1329 2904 1360 2957 et
1385 2911 1498 2972 magnae

296 2992 474 3050 maudonum
496 2992 620 3068 gulae'.”
699 2992 887 3071 (xxvi-xxix)
1199 3005 1203 3010 ·

372 3088 437 3146 847.
478 3086 593 3144 Nonius
614 3106 643 3163 p.
663 3090 727 3160 195,
744 3089 764 3145 4
785 3086 890 3147 “Oima
911 3094 1024 3161 neutro,
1048 3092 1081 3145 ut
1097 3084 1230 3143 Lucilius
1253 3085 1403 3162 ‘asparagi
1424 3083 1498 3144 molle

297 3199 354 3236 sno
376 3180 482 3253 (molles
502 3190 528 3237 ct
544 3179 734 3256 Leidensisl)
755 3182 848 3241 viride
867 3181 958 3240 cima'.
990 3180 1127 3240 feminino
1144 3179 1301 3239 Cornelius
1317 3181 1433 3254 Celsus,
1451 3176 1499 3235 etsi

295 3274 418 3333 minoris
432 3275 630 3350 auctoritatis,
645 3277 746 3352 posuit
760 3275 879 3336 ‘laetam
891 3278 1109 3352 formosumque
1124 3275 1272 3351 cymam'.’'
1319 3269 1497 3351 (xxvi-xxix)

374 3369 438 3428 848.
479 3369 595 3428 Nonius
613 3374 718 3447 ptos,
730 3373 767 3430 29
785 3371 926 3430 “Fretum
942 3417 967 3430 ..
981 3417 987 3429 .
999 3370 1155 3430 masculini
1170 3417 1175 3429 .
1189 3415 1195 3429 .
1209 3415 1215 3428 .
1227 3370 1361 3428 Lucilius
1384 3368 1498 3426 ‘saurus

298 3482 421 3522 crncrnr
442 3465 573 3541 (coccoclt
593 3465 770 3524 Leidensis:
791 3469 859 3524 coeli
879 3466 971 3525 editio
987 3465 1079 3540 Iunii)
1100 3483 1213 3522 nonius
1234 3471 1265 3524 et
1288 3464 1361 3523 salis
1383 3455 1497 3522 fretds’.''

374 3559 563 3636 (xxvr-xxrx)

375 3655 439 3712 849.
475 3655 591 3713 Nonius
612 3673 641 3730 p.
656 3655 723 3729 496,
739 3657 775 3713 20
798 3653 976 3713 “Genitirns
1002 3671 1089 3712 cusos
1111 3655 1226 3730 positus
1250 3671 1305 3731 pro
1327 3652 1496 3714 accusativo.

298 3746 434 3807 ...idem
454 3747 490 3806 ‘si
511 3749 627 3823 argenti
646 3747 800 3823 indiges'.''
886 3749 1073 3823 (xxvi-xxm.
1100 3747 1231 3825 xxvrrri)
1366 3797 1368 3801 .

315 3871 316 3874 ι
374 3844 439 3902 850.
480 3840 596 3900 Nouius
617 3843 749 3918 paras
771 3841 921 3901 “Credere
935 3849 983 3902 est
1003 3842 1089 3900 fidem
1106 3842 1216 3903 habere
1238 3842 1325 3904 dictis
1347 3845 1393 3903 vel
1412 3839 1496 3901 factis.

297 3937 431 3998 Lucilius
451 3937 502 3995 lib.
517 3947 596 3988 XXVI
615 3935 670 4012 (sic
693 3935 957 4011 Guelferbytanus:
983 3937 1137 3996 Merccrus
1164 3935 1247 3996 dedit
1263 3939 1363 4011 XXVII)
1385 3933 1496 4012 ‘hymnis

297 4051 394 4091 vunru
414 4039 443 4092 tc
463 4030 495 4090 id
514 4031 595 4108 quod
616 4048 716 4090 verum
737 4036 783 4089 cst
802 4030 957 4108 credere'.”
1034 4030 1138 4108 (xxvii
1159 4029 1266 4088 xxvnl
1326 4031 1352 4108 l)

375 4283 440 4343 845.
484 4281 555 4339 Tum
574 4277 687 4339 Iunius.

377 4359 442 4418 846.
483 4357 592 4430 Varro,
611 4363 644 4415 ut
664 4355 741 4416 solet
759 4356 791 4414 in
812 4355 928 4430 saturis,
950 4353 990 4414 ad
1011 4353 1121 4414 Lucilii
1140 4371 1260 4416 versum
1279 4351 1392 4418 alludit.

377 4437 442 4499 848.
461 4432 580 4494 *Confi
602 4451 705 4526 comm.
724 4435 754 4492 iu
777 4433 867 4494 Lucr.
888 4452 917 4511 p.
932 4433 999 4492 413.
