3196 5174
480 1906 842 2018 PRAEFATIO.

151 2320 281 2429 Imoilio
297 2360 498 2428 Laohmanni
522 2358 609 2425 edito
632 2357 687 2422 alii
709 2357 776 2422 alia
799 2358 921 2422 tamin
943 2356 1044 2439 ipsius
1065 2375 1163 2440 opere
1178 2375 1274 2438 quam

75 2513 103 2580 in
130 2536 198 2583 mea
226 2516 440 2599 qualicunque
470 2533 547 2578 oura
575 2532 639 2596 qua
666 2511 747 2576 illud
772 2531 838 2576 non
866 2509 1129 2608 abscondendum
1156 2511 1273 2578 sedin

75 2668 169 2734 luoem
192 2669 354 2754 publioam
378 2665 612 2732 admittendum
635 2664 745 2768 euravi
760 2663 1038 2748 reprehenderunt
1059 2670 1093 2729 et
1114 2663 1277 2729 desidera-

77 2827 153 2886 runt.
193 2822 282 2889 Inter
311 2839 391 2904 quos
418 2817 513 2902 pauoi
541 2837 613 2883 eum
640 2815 765 2899 reliqua
792 2836 858 2881 non
884 2814 995 2898 iniqua
1021 2821 1130 2881 mente
1151 2816 1276 2901 exeipe·

78 2979 144 3038 rent
162 2974 223 3040 hoo
238 2979 349 3039 tamen
363 2992 462 3055 aegre
476 2971 625 3039 ferebant
640 2970 727 3054 quod
740 2969 792 3034 his
806 2967 995 3051 fragmentis
1010 2989 1144 3053 quorum
1160 2976 1276 3054 suapte

76 3129 184 3190 natura
198 3144 271 3217 non
294 3144 377 3190 unus
399 3128 432 3189 et
455 3130 562 3190 sertus
585 3125 663 3198 ordo
686 3141 758 3188 esso
780 3125 889 3204 potest
910 3119 991 3185 nihil
1006 3121 1190 3188 adminiculi
1214 3143 1276 3205 quo

77 3274 109 3339 in
130 3275 306 3342 evolvendo
329 3273 523 3342 adiuvarere
545 3275 707 3343 adieetum
722 3279 802 3340 erat.
836 3271 973 3351 Qualem
988 3273 1277 3343 dinumerationem

78 3447 218 3495 versuum
249 3425 420 3511 quominus
446 3424 518 3509 ipse
539 3433 607 3492 tum
634 3429 787 3494 adderem
811 3449 883 3495 oum
905 3427 985 3492 meis
1006 3429 1209 3509 negotiorum
1230 3449 1280 3494 ra-

79 3579 210 3646 tionibus
230 3577 508 3663 prohibeba1·tum
528 3576 632 3660 magis
651 3576 709 3643 illa
723 3581 933 3662 persuasione
949 3599 1014 3663 qua
1027 3601 1088 3647 nee
1102 3579 1279 3664 Hauptium

80 3751 178 3815 neque
198 3731 303 3816 ipsum
319 3730 564 3797 Lachmannum
585 3728 648 3796 isto
672 3732 768 3796 modo
791 3731 1011 3798 eommoditati
1027 3732 1191 3800 hominum
1209 3754 1280 3817 pro

81 3884 198 3953 risuros
223 3883 324 3951 luisse
352 3881 544 3950 arbitrabar.
590 3883 714 3950 'lamen
741 3905 826 3951 nuno
856 3853 938 3952 oessi
960 3885 1089 3951 illorum
1111 3886 1280 3970 voluntati,

81 4044 282 4122 posteaquam
298 4035 507 4102 Franoiseum
523 4034 705 4101 Harderum
720 4036 796 4103 huie
810 4036 1019 4104 sustinendae
1036 4055 1154 4120 operae
1168 4056 1280 4121 parem

79 4196 110 4255 et
137 4197 282 4274 paratum
311 4208 384 4255 esse
407 4186 558 4270 cognovi:
586 4188 641 4273 qui
662 4209 736 4254 meo
764 4189 897 4254 oonsilio
919 4194 952 4254 et
974 4190 1122 4272 exemplo
1145 4188 1281 4254 remita

80 4342 312 4411 administravit
333 4347 368 4406 ut
391 4341 543 4444 exposito
564 4341 649 4406 omni
672 4359 819 4406 sermone
842 4341 1010 4408 Luoiliano
1036 4341 1131 4407 simul
1156 4343 1206 4407 illi
1228 4344 1281 4409 de

79 4494 191 4561 siderio
214 4494 397 4563 satisfieret
431 4497 635 4577 Possuntque
658 4494 739 4559 haee
760 4492 847 4558 faoili
862 4495 992 4578 negotio
1009 4516 1080 4561 anm
1095 4493 1167 4578 ipso
1183 4514 1281 4578 opere
