3202 5180
529 344 533 353 ¹
645 386 714 440 vnr

93 558 144 619 tlt
182 533 256 618 tum
272 554 347 622 latu’
372 555 535 641 componit
555 555 658 641 lateri,
683 560 807 621 etcum
830 566 959 642 pectore
981 564 1093 643 pectus

181 777 258 842 lena
280 798 377 845 manu
399 778 549 845 lacrimas
571 779 693 845 mutoni
718 776 883 863 absterget
904 781 1017 846 amica.

181 1018 319 1082 quarum
342 1007 373 1065 et
394 1001 593 1070 abundemus
616 1023 722 1070 rerum
744 1009 777 1069 et
798 1022 933 1088 quarum
955 995 1168 1087 indigeamus.

181 1232 295 1280 verum
318 1214 436 1281 flumen
460 1216 524 1300 uhi,
548 1223 646 1301 atque
668 1217 738 1301 ipso
762 1215 901 1284 divortio
925 1234 1088 1300 aquarum,

182 1316 314 1398 iligneis
337 1316 475 1404 pedibus
498 1319 816 1388 cercurum'roboret
837 1320 959 1406 aequis.

86 1534 137 1593 tlt
166 1527 284 1593 'lentet
305 1547 385 1611 opus

181 1748 298 1815 saliere
321 1768 501 1833 muraenas,
524 1768 663 1814 mercem
685 1753 717 1819 in
741 1753 901 1837 frigdario
923 1754 1018 1838 forre,

148 2039 216 2100 270.
258 2039 374 2099 Nonius
394 2058 423 2117 p.
440 2041 506 2115 260,
522 2041 559 2100 29
580 2023 1004 2119 Ὃοῐι]ρουετθ,ὀοηίιιηςοω.
1027 2041 1165 2111 ...idem
1186 2039 1215 2097 in
1235 2055 1283 2097 eo·

70 2135 139 2193 dem
162 2135 344 2211 (praecessit
364 2151 467 2193 versus
487 2136 555 2209 268)
577 2135 672 2194 ‘nuum
693 2155 797 2194 aarum
819 2138 970 2214 componit
984 2135 1174 2213 ...pectus'.”

148 2228 215 2287 271,
257 2229 477 2288 Commentator
510 2227 699 2306 Oraquianus
735 2231 775 2291 ad
805 2231 924 2291 Horatii
958 2248 1121 2290 sermonum
1147 2248 1170 2305 1,
1190 2231 1225 2303 2,
1246 2230 1282 2286 68

70 2323 176 2382 “Muto
199 2328 296 2382 antem
317 2321 424 2381 dicitur
445 2323 604 2381 membrum
630 2324 722 2384 virile.
764 2334 796 2384 ut
820 2323 916 2385 Lucil.
937 2326 987 2385 lib.
1009 2323 1217 2384 octavo‘lena

69 2418 202 2477 amica'.”
320 2421 421 2476 Acron
443 2415 551 2476 eadem
578 2415 668 2477 habet
689 2419 749 2495 sio,
770 2417 823 2478 “ut
843 2418 975 2478 Lucilius
1000 2420 1029 2478 iu
1054 2423 1082 2479 8.
1103 2418 1178 2478 libro
1200 2415 1283 2475 ‘lacco
1378 2499 1380 2503 ,

68 2518 125 2571 iam
140 2510 313 2590 lachrymas
378 2510 509 2570 amica'.”
608 2512 776 2590 Porphyrio
799 2511 970 2573 “Matonem
989 2531 1043 2590 pro
1065 2513 1141 2572 virili
1153 2513 1283 2571 membro

70 2608 147 2666 dixit
166 2605 317 2664 Lucilium
336 2604 481 2664 imitatus:
503 2607 609 2665 etenlm
624 2607 673 2666 ille
693 2607 723 2666 in
743 2609 769 2666 4.
785 2608 828 2666 sic
849 2608 899 2681 ait,
920 2607 1022 2668 ‘Locro
1034 2612 1092 2666 iam
1155 2607 1283 2667 amica’.”

147 2700 200 2760 Fr.
219 2700 326 2761 Densa
340 2700 370 2757 in
386 2701 516 2759 auctario
532 2699 602 2760 edit.
620 2700 809 2778 Cruquianae
827 2718 856 2778 p.
868 2699 941 2762 690¹>
963 2701 1177 2779 Porphyrionis
1193 2701 1285 2760 rerba

69 2798 203 2871 exhibet,
224 2793 278 2854 sed
298 2793 354 2853 hoc
375 2792 472 2870 modo,
494 2795 562 2855 “ille
579 2795 697 2856 enimin
719 2803 826 2856 octavo
843 2791 1007 2872 saty'rarum
1023 2796 1065 2855 sic
1080 2795 1130 2870 ait,
1152 2797 1189 2853 ‘A
1203 2798 1283 2854 loeva

70 2893 212 2952 lacrimas
235 2934 280 2949 ...
297 2889 425 2948 amioa'.”

146 2985 214 3044 272.
255 2984 371 3044 Nonius
384 3002 413 3061 p.
424 2985 491 3060 498,
503 2987 520 3042 8
535 2982 711 3043 “Genitivus
725 2984 843 3060 positus
857 3001 911 3056 pro
925 2984 1067 3043 ablativo.
1089 3029 1133 3044 ...
1148 2982 1281 3042 Lucillus

71 3087 237 3156 satyrarum
259 3079 310 3138 lib.
325 3097 355 3136 rr
376 3077 505 3137 ‘hortare
525 3079 641 3137 illorum
663 3078 688 3137 si
708 3079 820 3154 possim
836 3079 919 3154 capis
934 3079 1050 3138 sortiri.
1081 3078 1159 3136 idem
1179 3078 1229 3136 lib.
1256 3088 1287 3130 rr

70 3174 127 3250 (lib.
146 3187 205 3228 ππ
221 3171 395 3258 lieidensis)
417 3170 550 3249 ‘quarum
572 3179 602 3232 et
622 3172 905 3249 ...indigeamus’.''

147 3267 214 3326 273.
258 3267 374 3325 Nonius
399 3285 427 3343 p.
443 3268 509 3344 533,
530 3266 565 3328 27
591 3266 744 3343 “Ceropras
770 3269 853 3328 neris
882 3274 927 3325 est
952 3267 1068 3325 Asiana
1094 3265 1281 3342 pergrandis.

134 3363 270 3422 Lucilius
292 3368 456 3438 satyrarum
477 3361 527 3419 lih.
543 3379 596 3418 vrrr
619 3360 729 3421 ‘rcruin
750 3361 856 3431 flumen
877 3379 928 3418 urr
951 3367 1041 3436 atquc
1063 3361 1129 3437 ipso
1155 3345 1283 3419 dir'ortio

69 3475 174 3515 romnis
195 3456 325 3533 pedibus
346 3473 485 3532 oprecrum
506 3473 694 3514 coucunasr
717 3457 824 3532 equie'.”

136 3571 138 3574 ·
151 3551 216 3611 275.
255 3550 429 3610 Priscianus
443 3569 471 3627 p.
484 3552 540 3608 800
552 3549 633 3628 (880)
646 3549 693 3610 “N
698 3569 743 3609 am
756 3553 880 3610 alentec
896 3551 1030 3609 lentesco
1042 3548 1201 3622 derivatur,
1211 3567 1282 3625 quo·

71 3646 158 3705 modo
175 3645 299 3704 adorco
320 3644 450 3703 duresco
471 3653 501 3703 ct
520 3645 633 3704 avireo
648 3645 771 3703 viresco.
803 3644 935 3703 Lucilius
950 3649 1048 3704 tamen
1065 3645 1094 3701 in
1107 3662 1160 3700 urn
1182 3642 1284 3703 ‘lentet
1303 3627 1307 3640 ⁴

70 3743 154 3819 opus*
176 3739 327 3818 protulit.’'
445 3739 663 3799 Grammaticus
684 3738 927 3798 vindobonensis
949 3757 977 3814 p.
995 3737 1049 3796 172
1073 3737 1243 3798 “Lentosco
1265 3757 1283 3796 a

70 3837 161 3895 verbo
181 3837 283 3894 leutet.
325 3832 457 3892 Lucilius
478 3835 578 3894 ‘lentot
599 3833 709 3910 opns’.”

147 3929 212 3989 276.
254 3929 429 3990 Priscianus
450 3947 480 4006 p.
497 3929 553 3987 909
581 3925 696 3986 “Sallio
723 3928 851 3986 sallitum
879 3929 965 4003 iacit,
993 3929 1068 3987 sallo
1095 3928 1280 3986 salsum.

70 4026 206 4085 similiter
227 4024 362 4083 Lucilius
382 4024 412 4080 in
434 4042 487 4080 vrrr
506 4022 624 4082 ‘saliere
706 4021 849 4098 frigdaria
869 4024 926 4097 (sic
954 4021 1057 4080 Iunius
1078 4039 1115 4079 ex
1136 4021 1212 4079 libro
1232 4036 1281 4078 va-

69 4125 145 4178 tere:
166 4117 308 4177 Krehlius
324 4103 395 4177 'cum
416 4115 559 4176 Putschic
574 4119 732 4193 sapidorla
753 4114 874 4174 exhibet
895 4124 924 4173 et
944 4114 1036 4191 tacet)
1058 4113 1168 4172 ferre'.’'

71 4265 281 4277 ι--ι--ο-ι--σ

151 4368 216 4428 270.
260 4369 330 4426 Tum
350 4368 423 4426 lotas
441 4369 593 4428 Merccrns
614 4365 716 4426 edidit.

147 4443 214 4526 273.
257 4463 394 4522 opacorum
414 4445 514 4524 Ilipula
534 4443 652 4522 Iunius&
