3202 5180
296 353 340 420 42
875 354 930 404 ΧΠ

406 528 498 588 extra
520 526 627 588 castra
646 526 683 586 ut
703 522 817 589 sterou’
843 521 931 589 foras
953 521 1046 588 eiecit
1067 521 1111 588 ad
1132 542 1240 590 unum.

318 732 369 791 ³05
406 727 483 794 inde
506 726 595 794 venit
615 729 749 793 Romam
770 733 861 792 tener
881 727 954 812 ipse
977 725 1072 791 etiam
1094 731 1192 812 atque
1213 728 1352 813 puellus.

857 1093 945 1177 XII

405 1328 490 1393 huno
511 1325 590 1409 iuga
611 1327 768 1393 mulorum
790 1326 914 1410 protelo
938 1325 1055 1393 ducere
1081 1331 1207 1392 contum

406 1449 471 1495 non
494 1435 636 1514 possunt.

408 1629 539 1700 firmiter
560 1635 621 1699 hoc
643 1633 816 1719 periteque
836 1637 890 1697 tuo
913 1632 954 1699 sit
974 1637 1103 1717 pectore
1126 1631 1233 1698 fixum.

410 1835 484 1900 huic
506 1837 627 1903 homini
652 1842 822 1921 quaestore
846 1836 963 1944 aliquo·
980 1857 1050 1903 esse
1074 1857 1154 1922 opus
1176 1842 1274 1921 atque
1296 1838 1446 1925 chorago,

319 1944 369 2005 tlt
412 1937 583 2023 publicitus
606 1940 661 2023 qui
682 1938 727 2003 mi
750 1944 846 2022 atque
869 1959 887 2004 e
909 1939 985 2005 fisco
1008 1940 1162 2026 praebeat
1184 1961 1307 2008 aurum.

409 2143 501 2228 hunc,
525 2141 631 2227 siquid
657 2143 766 2227 pueris
787 2143 891 2227 uobis,
914 2150 1020 2210 meet
1042 2143 1151 2230 fratre,
1172 2144 1294 2228 fuisset,

379 2406 445 2463 365.
487 2403 661 2462 Priscianus
683 2422 712 2478 p.
726 2401 781 2462 697
804 2402 892 2462 “Nou
914 2411 961 2463 est
981 2410 1079 2463 tamen
1098 2402 1294 2477 ignorandum
1319 2403 1401 2479 quod
1424 2405 1519 2465 etiam

301 2497 349 2557 hic
376 2515 495 2574 puerus,
520 2497 567 2554 hio
594 2503 624 2554 ct
649 2496 723 2554 haec
749 2514 832 2573 puer,
858 2497 1048 2557 vetustissimi
1073 2498 1232 2573 protulisse
1253 2498 1454 2572 inveniuntur,
1488 2507 1519 2559 et

302 2592 419 2667 puellus
440 2591 557 2668 puella.
599 2591 731 2650 Lucilius
752 2592 781 2649 iu
802 2610 834 2648 xi
856 2590 933 2650 ‘inde
952 2594 1096 2652 ...etiam
1117 2598 1206 2668 atque
1227 2591 1322 2668 (atquc
1341 2597 1424 2652 etiam
1438 2593 1516 2653 Put-

303 2684 415 2760 sehius)
436 2685 589 2761 puellus'.”

378 2797 429 2837 xu.
469 2778 630 2838 Diomedes
651 2797 680 2855 p.
694 2779 751 2836 485
779 2775 861 2834 “Alii
886 2795 904 2836 a
929 2779 998 2838 vino
1026 2780 1219 2854 arbitrantur,
1246 2786 1407 2856 propterea
1433 2782 1516 2858 quod

303 2875 373 2933 olim
388 2873 485 2931 viuum
503 2873 695 2934 dictitabatur
709 2867 784 2949 τρύξ
797 2891 814 2930 a
828 2890 887 2948 quo
897 2865 1047 2950 τρύγητος
1061 2872 1149 2933 hodie
1164 2892 1281 2951 quoque
1297 2872 1446 2935 vindemia
1459 2883 1516 2952 est,

301 2970 371 3046 quia
384 2967 574 3027 Liberalibus
589 2965 671 3042 apud
685 2967 804 3026 Atticos
821 2966 868 3025 die
883 2967 961 3026 festo
983 2966 1086 3027 Liberi
1106 2968 1200 3046 patris
1221 2968 1320 3027 vinum
1342 2969 1515 3030 cantoribus

300 3081 358 3140 pro
377 3062 533 3123 corollario
556 3059 693 3134 dabatur,
716 3061 799 3120 cuius
820 3061 864 3119 rei
884 3062 969 3121 testis
991 3068 1037 3121 est
1057 3061 1192 3121 Lucilius
1212 3063 1242 3120 in
1263 3061 1334 3122 xu.”

380 3157 445 3216 366.
485 3154 601 3213 Nonius
617 3172 646 3230 p.
659 3155 725 3229 363,
738 3152 753 3214 t
770 3153 942 3216 “Protolare
957 3173 1059 3232 rursus
1074 3156 1223 3216 adiuvare.
1246 3201 1292 3216 ...
1315 3155 1394 3216 idem
1407 3157 1458 3218 lib.
1471 3176 1515 3216 xu

303 3249 391 3309 ‘huno
407 3295 451 3308 ...
467 3248 627 3325 possunt’.”

380 3346 446 3403 368.
485 3343 602 3402 Nonius
623 3361 652 3418 p.
668 3345 734 3416 512,
748 3345 786 3401 20
807 3342 967 3404 “Firmiter
981 3361 1036 3420 pro
1050 3343 1141 3403 firme.
1164 3389 1209 3405 ...
1229 3342 1308 3403 idom
1327 3342 1379 3404 lib.
1393 3362 1438 3402 xu
1457 3343 1513 3403 ‘fir-

303 3437 388 3497 miter
407 3436 463 3496 hoc
483 3453 676 3513 curruumque
690 3481 697 3494 .
711 3481 736 3495 ..
752 3437 877 3496 fixum'.’'

380 3532 445 3590 369.
486 3529 602 3589 Nouius
623 3548 653 3606 p.
670 3533 768 3602 513‚2
789 3530 975 3592 “Publioitus
996 3549 1050 3610 pro
1072 3530 1210 3608 publice.
1245 3529 1380 3590 Lucilius
1403 3537 1512 3608 satyra-

303 3644 367 3685 rum
392 3626 445 3684 lib.
466 3643 509 3682 xm
538 3623 620 3683 ‘huic
646 3623 756 3684 homini
780 3632 918 3702 questore
1002 3643 1114 3702 uorago
1136 3625 1262 3686 ...mibi
1290 3631 1379 3702 atque
1405 3641 1511 3683 srrsco

304 3721 449 3796 praebeat
469 3718 607 3777 aurum’.”

381 3809 447 3872 3⁷1.
489 3810 611 3871 Servius
632 3812 671 3871 ad
691 3784 844 3874 Aebeidos
865 3832 897 3890 u,
912 3810 946 3872 *ll
969 3813 1010 3889 (p.
1025 3816 1062 3873 28
1083 3814 1188 3891 partic.
1201 3833 1224 3870 11
1248 3813 1372 3890 Bergk.)
1393 3809 1513 3872 “Fuerit

306 3907 514 3987 quodcunque.
536 3950 584 3965 ...
605 3924 677 3966 saue
700 3906 896 3986 quodeunque
917 3912 1033 3967 vetusta
1052 3925 1124 3967 voce
1140 3910 1263 3967 mortem
1279 3905 1440 3983 significari
1455 3906 1512 3964 Lu·

307 4003 392 4062 cilius
411 4002 501 4062 docet
521 4001 551 4059 in
571 4019 616 4057 xu
638 4000 723 4061 ‘huuc
739 4001 922 4074 ...fuisset'‚
943 4000 1000 4060 hoo
1021 4007 1068 4061 est
1084 4002 1109 4061 si
1122 4019 1200 4062 mors
1215 4003 1263 4063 vel
1277 4018 1321 4062 me
1337 4000 1382 4062 vel
1396 4000 1512 4060 fratrem

303 4095 528 4172 oppressisset.'’

302 4245 503 4254 ——-—-

381 4337 446 4395 soc.
486 4305 740 4394 Nonius'usuras

381 4409 447 4474 370.
488 4430 502 4471 c
514 4413 584 4488 fisco
606 4410 697 4469 Ianus
719 4407 902 4471 Gulielmius
