3202 5180
315 382 360 447 40
898 379 938 427 xl

316 553 335 594 *
426 553 573 617 conicere
593 529 629 616 in
648 569 759 617 versus
781 547 900 615 dietum
922 546 1082 631 praeeoni’
1107 545 1255 611 volebam

425 654 537 720 Grani.
697 657 700 664 '

427 861 488 908 neo
509 838 586 905 milri
608 843 752 904 amatore
773 837 834 903 hoc
857 837 927 922 opu’
951 855 1011 902 nec
1032 836 1155 902 tricone
1176 827 1306 901 v'adato.

1287 1040 1353 1088 vrar

336 1037 387 1098 ³4⁵
426 1131 618 1198 sternendae
639 1127 822 1197 iaciendum
844 1125 907 1192 huo
928 1145 1082 1210 aggerem
1103 1131 1136 1190 et
1156 1125 1190 1189 id
1214 1123 1307 1208 genu’
1332 1123 1442 1190 rudus.

401 1399 406 1403 g
520 1318 614 1384 Gutta
636 1336 746 1400 senex,
770 1314 870 1379 crassi
893 1316 985 1399 pater
1006 1311 1092 1376 huiu’
1119 1309 1268 1397 [paneci],

354 1486 357 1491 .
425 1421 554 1504 magnu’
580 1419 640 1485 fuit
660 1417 740 1483 trico
763 1415 961 1498 nummariu’,
985 1413 1111 1480 solvere
1132 1407 1223 1498 nulli,

428 1525 542 1590 lentus.

340 1720 392 1778 353
428 1712 455 1777 si
478 1708 605 1775 tricosu’
628 1707 862 1806 bovinatorque
886 1725 941 1772 ore
963 1704 1108 1790 inprobu'
1134 1705 1214 1771 duro
1326 1736 1328 1742 v

398 1901 463 1958 342.
505 1895 618 1956 Gellius
633 1890 719 1968 rv‚1'l
738 1891 842 1950 ‘'ldem
857 1892 934 1951 inira
948 1892 1093 1953 ‘conicere
1106 1940 1113 1954 .
1126 1939 1133 1954 .
1145 1939 1151 1954 .
1161 1891 1272 1953 Grani’.
1294 1893 1324 1950 in
1338 1893 1395 1954 hac
1412 1911 1537 1972 quoque

321 1994 406 2072 primi
427 1992 510 2051 verbi
530 1988 751 2069 praepositione
773 1989 810 2048 ob
832 1987 956 2047 eandem
978 2006 1096 2047 oausam
1118 1986 1312 2065 producunt.”
1423 1986 1538 2046 Cicero

321 2090 349 2147 in
366 2089 460 2147 Bruto
481 2088 599 2160 43160
620 2083 754 2144 “Multae
775 2081 881 2141 deinde
902 2100 1026 2156 causae,
1049 2082 1103 2141 sed
1114 2081 1157 2142 ita
1172 2081 1281 2141 tacitus
1301 2079 1482 2156 tribunatus,
1504 2088 1540 2141 ut
1594 2097 1595 2112 ³

321 2182 379 2241 nisi
401 2181 431 2239 in
453 2198 488 2239 eo
508 2180 686 2255 magistratu
706 2177 873 2237 cenavisset
886 2177 967 2253 apud
982 2192 1158 2253 praeconem
1176 2174 1320 2236 Granium
1341 2175 1430 2253 idque
1444 2177 1538 2236 nobis

322 2276 368 2336 bis
384 2274 566 2335 narravisset
578 2272 723 2347 Lucilius,
742 2272 890 2331 tribunum
906 2270 1002 2347 plebis
1017 2271 1197 2330 nesciremus
1217 2269 1335 2328 fuisse.”
1414 2269 1539 2330 Ibidem

321 2371 368 2444 46,
384 2367 439 2427 lta
460 2367 548 2442 “Ego
565 2367 685 2425 memini
706 2365 743 2425 Τ.
765 2364 888 2424 Tincam
910 2365 1120 2424 Placentinum
1146 2364 1291 2422 homiuem
1318 2364 1538 2423 facetissimum

322 2482 387 2522 cum
409 2461 545 2521 familiari
565 2467 668 2520 nostro
688 2460 725 2536 Q.
747 2459 859 2520 Granio
879 2476 1027 2535 praecone
1048 2459 1208 2520 dicacitate
1230 2463 1352 2517 certare.
1394 2459 1470 2534 eon’,
1493 2459 1538 2517 in-

323 2559 386 2634 quit
405 2557 528 2625 Brutus
550 2553 586 2612 de
607 2572 665 2631 quo
686 2556 779 2615 multa
798 2551 954 2613 Lucilius?
974 2553 1031 2612 isto
1052 2553 1145 2628 ips0.’'

402 2651 467 2708 344.
508 2647 623 2708 Nouius
644 2667 673 2724 p.
688 2649 715 2723 8,
729 2651 767 2708 23
788 2647 917 2707 “Trieae
944 2653 1012 2705 sunt
1037 2647 1238 2722 inpedimenta
1258 2655 1288 2706 et
1306 2646 1539 2724 implicationes.

324 2743 516 2807 ...Lucilius
539 2748 628 2817 satyr.
649 2742 700 2802 lib.
715 2761 747 2800 xr
768 2743 833 2802 ‘nec
853 2741 922 2800 mihi
942 2759 1049 2798 smoan
1066 2740 1269 2800 ...vadato’.”

399 2840 465 2899 345.
504 2836 622 2896 Nonius
640 2856 670 2913 p.
687 2839 732 2914 18,
748 2835 935 2910 17·“Rudus,
952 2842 1075 2910 stercus,
1090 2834 1170 2912 quod
1185 2834 1307 2894 raditur.
1328 2835 1426 2895 Lucil.
1442 2843 1540 2915 satyr.

322 2937 373 2995 lib.
387 2953 419 2991 xr
440 2931 505 2989 ‘vrru
526 2949 706 2989 sessanum
726 2950 765 2989 ur
786 2929 953 2989 iaciendum
981 2929 1037 2988 huc
1064 2947 1204 3005 aggerem
1226 2929 1281 3007 (sie
1305 2930 1373 2988 olim
1394 2931 1541 3007 impressi

323 3037 354 3089 et
374 3027 429 3086 nisi
450 3025 537 3084 fallor
557 3022 831 3100 Guelferbytanus:
862 3022 1020 3082 Leideusis
1041 3023 1160 3100 operam)
1182 3031 1213 3084 et
1233 3023 1263 3081 id
1285 3041 1386 3099 genus
1407 3024 1541 3084 rudus'.”

400 3118 465 3179 347.
505 3118 621 3177 Nonius
641 3137 671 3195 p.
686 3121 732 3193 22,
747 3121 784 3177 30
805 3117 978 3192 “Tricoues,
999 3118 1107 3176 morosi
1135 3125 1165 3177 et
1190 3118 1229 3178 ad
1254 3115 1540 3178 reddendum'duri.

323 3215 456 3274 Lucilius
477 3217 641 3287 satyrarum
662 3213 712 3272 lib.
727 3230 759 3271 xr
780 3212 1051 3288 ‘Gotta...paneci
1071 3213 1188 3289 (paceni
1208 3202 1380 3290 Leidensis)
1409 3230 1539 3289 magnus

324 3310 379 3369 fnit
399 3308 474 3368 trieo
490 3307 665 3381 ...lentus',
692 3305 724 3365 id
743 3314 790 3368 est
809 3307 931 3366 facilis.'’
1023 3307 1107 3366 Idem
1127 3326 1157 3384 p.
1172 3309 1238 3380 338,
1255 3309 1290 3366 10
1311 3305 1470 3383 ‘'Lentum,
1494 3309 1539 3368 fa·

324 3403 389 3461 oila.
429 3400 562 3460 Lucilius
590 3407 753 3476 satyrarum
772 3401 823 3462 lib.
839 3419 872 3460 xr
885 3393 1002 3460 'Cotta
1017 3447 1023 3460 .
1036 3447 1043 3460 .
1056 3446 1062 3459 .
1074 3419 1173 3477 pacem
1194 3419 1317 3478 magnus
1338 3406 1408 3460 tra‘co
1423 3405 1486 3478 suit
1496 3447 1503 3460 .
1513 3447 1537 3462 ..

323 3495 458 3557 lentus’.”

401 3591 466 3656 350.
508 3587 621 3648 Gellius
641 3586 715 3665 xr,l
738 3587 801 3648 “At
825 3590 874 3649 ille
894 3589 1008 3649 iactans
1033 3595 1062 3648 et
1086 3588 1219 3664 gestiens
1247 3589 1316 3650 ‘non
1342 3591 1419 3650 enim
1442 3592 1536 3651 Luci-

324 3684 402 3743 lium’
424 3683 518 3759 inquit
539 3682 676 3758 legistis,
697 3683 748 3759 qui
761 3684 1017 3760 tergiversatorem
1031 3683 1235 3744 bovinatorem
1251 3684 1339 3746 dicit!
1370 3691 1418 3744 est
1436 3691 1537 3746 autem

323 3779 354 3836 in
369 3777 479 3835 Lucilii
499 3775 653 3835 undecimo
675 3792 777 3835 versus
797 3778 849 3848 bic,
868 3781 999 3853 rugosae
1013 3822 1020 3836 .
1032 3823 1059 3837 ..
1076 3776 1185 3836 duro’.”
1215 3777 1283 3838 hine
1303 3779 1420 3840 Nonius
1440 3799 1468 3855 p.
1488 3779 1534 3851 79,

324 3874 361 3932 26
383 3871 591 3945 “Boviatores,
611 3888 685 3947 quos
707 3888 783 3929 nunc
803 3870 967 3931 malitiosos
988 3877 1018 3930 et
1032 3872 1277 3946 tergiversatores
1299 3872 1439 3934 dicimus.
1470 3875 1534 3933 Lu·

249 4007 251 4010 ψ
325 3968 409 4028 cilius
431 3967 527 4026 lib.x1
547 3963 599 4024 ‘lic
617 3968 756 4024 simocatta
775 3965 954 4041 boviotorqae
968 4009 975 4024 .
987 4009 1013 4024 ..
1029 3964 1137 4026 duro’.’'

402 4130 468 4187 344.
510 4138 633 4186 amatore
653 4127 765 4186 Iunius

401 4206 467 4265 345.
507 4209 561 4263 aim
579 4207 737 4263 struendam
754 4213 780 4262 et
798 4204 868 4263 olim
881 4203 1025 4278 impressi.
1058 4208 1184 4281 viamque
1196 4205 1379 4264 Steraeadum
1398 4217 1423 4266 et
1441 4208 1531 4267 Ianus

327 4281 448 4355 Deusa,
475 4283 526 4358 qui
546 4281 700 4341 Hadriano
722 4280 808 4338 Iunio
829 4280 980 4340 adscribit.
1018 4281 1098 4356 apud
1118 4281 1196 4340 hunc
1219 4298 1277 4338 uon
1298 4280 1423 4346 invenio.
1457 4287 1531 4344 Mer-

326 4373 427 4429 oerus,
454 4358 504 4432 qui
529 4358 683 4418 stultitiam
704 4356 800 4428 Noniiv
820 4364 901 4417 recte
922 4357 1071 4433 exagitat,
1096 4363 1154 4417 viai
1175 4360 1343 4418 dromades
1362 4364 1530 4422 ceaddam.

324 4432 449 4515 optime:
470 4434 523 4492 sed
543 4439 601 4497 sict
621 4435 757 4516 genetivo
778 4451 860 4511 casu,
885 4452 944 4500 nou
965 4433 1074 4500 dativo.
