3202 5180
173 550 264 616 utri
288 551 451 636 discrepat
472 550 542 635 hoc,
564 549 623 619 τὸν
645 547 675 619 δ’
699 545 884 641 ἐξήρπαξεν
905 547 1077 622 Απόλλων
1151 645 1153 650 Δ

178 655 252 739 ῥεῖα
275 647 352 736 μάλ’
378 649 423 732 ὥς
446 678 482 720 τε
504 647 610 732 θεός.
657 655 741 739 fugit
763 675 864 740 ergo.

57 859 69 879 ··
127 848 141 904 l
165 859 188 906 a
209 841 346 926 primum
368 847 437 907 est.
471 841 545 907 hinc
567 841 719 928 incipiam
742 849 773 909 et
795 863 880 929 quae
902 847 1034 914 nomina
1048 847 1091 914 ab
1106 847 1167 912 hoc
1182 853 1277 913 sunt.

174 965 196 1008 a
216 944 355 1028 primum
378 945 478 1027 longa
499 943 598 1010 brevi’
623 946 768 1030 syllaba.
812 968 872 1014 nos
894 955 1002 1015 tamen
1023 971 1123 1017 unum

173 1047 236 1112 hoc
257 1046 414 1113 faciemus
437 1053 469 1113 et
490 1066 554 1111 uno
578 1048 756 1132 eodemque
778 1055 814 1114 ut
837 1051 964 1117 dicimu’
985 1059 1080 1138 paeto

174 1151 352 1216 scribemus
375 1149 498 1234 ‘pacem
520 1150 647 1236 placide
671 1151 785 1216 Ianum
808 1153 934 1220 aridum
958 1157 1104 1240 acetum,

169 1245 266 1341 Ἆρες
280 1245 379 1340 ’Ἆρες
402 1253 519 1320 Graeci
541 1260 576 1320 ut
597 1253 727 1319 faciunt.

86 1448 138 1507 ³15
583 1439 772 1527 ponchon,
797 1442 882 1508 ‘filiu’
906 1446 1005 1531 Luci,

174 1545 292 1612 seceris
315 1543 326 1608 i
348 1544 461 1626 solum,
484 1549 519 1608 ut
541 1543 669 1610 Corneli
693 1543 915 1629 Cornificique.

175 1735 242 1800 iam
263 1732 384 1816 ‘puerei
406 1732 533 1798 venere’
557 1750 575 1796 e
597 1739 791 1818 postremum
815 1735 913 1800 facito
936 1742 1033 1822 etque
1056 1739 1076 1822 i,
1215 1703 1270 1794 ts

146 1926 215 1984 308.
259 1919 425 1998 Porphyrio
447 1919 487 1981 ad
507 1919 625 1980 Horatii
648 1937 814 1984 sermonum
835 1942 855 1999 1,
874 1925 901 2000 9,
922 1922 959 1985 ‘18
980 1923 1052 1986 “Sic
1078 1943 1124 1986 me
1150 1927 1280 1988 serravit

63 2020 196 2098 Apollo.
237 2017 305 2077 Hoc
331 2016 368 2076 de
390 2033 479 2075 sensu
499 2013 660 2075 Homerico
685 2017 825 2094 sumpsit,
851 2035 938 2095 quem
958 2026 988 2079 et
1007 2019 1093 2079 Luci.
1112 2020 1144 2078 iu
1166 2023 1184 2080 9
1204 2027 1279 2099 saty.

64 2112 310 2192 repraesentavit
331 2112 374 2171 sic
395 2110 508 2186 dicens,
530 2108 579 2168 ‘ur
600 2110 752 2187 discrepat
771 2129 832 2169 unc
852 2131 930 2189 quem
948 2117 1045 2190 rapuit
1057 2114 1181 2190 Apollo:
1210 2135 1279 2174 mss

64 2209 181 2286 ergo'.''
252 2225 268 2266 e
289 2205 392 2265 codice
412 2205 447 2265 F.
470 2204 572 2264 Ursini
596 2208 717 2266 notatur
741 2203 781 2264 ‘in
810 2214 895 2267 sexto
922 2208 1022 2268 satur!
1049 2216 1079 2268 et
1105 2207 1171 2268 ‘hac
1197 2201 1281 2268 τόνδ’

62 2295 244 2382 estanores
259 2293 415 2358 Ἀπόλλων
436 2317 523 2375 quem
542 2300 614 2377 rep!

146 2400 215 2457 310.
257 2393 413 2452 Terentius
440 2391 569 2453 Scaurus
594 2412 623 2471 p.
643 2394 719 2453 2255
745 2392 828 2453 “Per
849 2393 1046 2456 adiectionem
1072 2397 1123 2456 illa
1148 2396 1292 2456 ridentur·

65 2509 137 2551 esse
152 2491 271 2564 uitiosa,
293 2487 373 2564 qnod
390 2487 501 2546 Accius
524 2487 680 2564 geminatis
701 2489 854 2548 vocalibus
875 2489 966 2550 scribi
982 2496 1088 2551 natura
1101 2493 1208 2567 longas
1224 2493 1282 2568 syl-

65 2589 160 2647 lebas
175 2584 277 2660 voluit,
296 2601 361 2642 oum
377 2582 488 2659 alioqui
507 2581 624 2640 adiecto
645 2582 692 2640 vel
714 2583 832 2642 sublato
853 2584 938 2660 apice
958 2585 1153 2661 longitudinis
1174 2593 1204 2646 et
1216 2588 1282 2647 hre-

66 2681 174 2741 vitatis
192 2684 263 2738 nota
276 2685 380 2754 posset
394 2676 522 2736 ostendi.
553 2693 619 2735 nem
634 2675 800 2752 singulares
815 2677 935 2737 vocales
950 2684 980 2738 et
992 2679 1117 2757 produci
1132 2686 1162 2739 et
1175 2680 1284 2756 corripi

66 2781 212 2852 possunt.
247 2772 326 2831 unde
346 2773 434 2832 etiam
457 2769 590 2831 Lucilius
611 2768 641 2827 in
662 2788 696 2826 rx
717 2776 880 2847 satyrarum
903 2772 940 2830 de
963 2772 1177 2850 orthographia
1197 2791 1282 2850 prae-

70 2871 190 2947 cipiens
212 2867 254 2926 ait
276 2865 304 2924 ‘a
323 2866 448 2943 primum
529 2863 617 2936 runt,
640 2863 747 2923 deinde
767 2859 796 2925 ‘a
814 2865 939 2942 primum
1022 2866 1168 2927 iaciunt'.”

149 2966 218 3022 315.
260 2961 413 3021 Charisius
434 2978 462 3035 p.
479 2961 517 3018 60
538 2956 685 3033 “Lucius,
705 2961 907 3034 Aemilius..
920 2959 1093 3036 .[Lucilius
1117 2979 1171 3038 per
1196 2979 1285 3020 unum

68 3059 90 3136 i]
114 3057 290 3160 genetivum
309 3055 399 3115 scribi
418 3071 509 3131 posse
529 3051 716 3114 existimat..
729 3054 897 3132 d..eniqne
918 3059 948 3113 et
967 3054 997 3112 in
1018 3054 1095 3113 libro
1116 3074 1160 3112 rrrr
1182 3054 1286 3132 (debet

70 3171 139 3212 esse
160 3149 244 3226 unu)
266 3148 309 3208 sic
330 3149 369 3209 ad
391 3147 485 3224 (ait‘)
487 3165 577 3224 porro
597 3146 654 3207 hoc
676 3147 764 3224 [filius
783 3148 865 3225 lucii]
885 3166 1015 3206 rscnnrr
1041 3167 1148 3206 conum
1171 3155 1204 3208 ut
1224 3168 1284 3208 cor·

69 3250 139 3307 celii
152 3243 361 3322 coralfimiqce.
393 3249 422 3301 et
437 3243 528 3319 paulo
543 3243 685 3318 post...
686 3242 765 3301 'ita
778 3241 854 3302 haec
869 3243 899 3302 ln
914 3243 1017 3303 codice
1032 3243 1110 3320 scrip
1112 3249 1144 3302 ta
1158 3250 1251 3304 testat
1251 3263 1286 3304 ur

69 3342 112 3401 H.
134 3338 283 3398 Keilius
275 3357 304 3396 rn
326 3338 466 3396 observat
467 3337 583 3396 ionibus
605 3334 714 3396 criticis
735 3335 763 3394 in
783 3337 842 3398 Oet
829 3342 928 3398 tonem
954 3345 984 3397 et
1004 3337 1170 3398 Varronem
1190 3357 1219 3416 p
1237 3341 1284 3414 96,

70 3436 156 3496 cuins
179 3434 387 3510 supplementa
407 3429 490 3491 uncis
510 3430 625 3489 inclusi.

152 3524 221 3587 317
262 3523 489 3601 Quintilianus
482 3543 526 3584 rns
529 3524 608 3596 tit.‚1
625 3521 651 3598 l,
670 3522 733 3582 15‘
736 3523 865 3586 ‘Diutius
887 3525 1003 3588 durarit
1022 3532 1083 3585 ute
1105 3526 1285 3601 iiungendis

73 3644 111 3684 ea
138 3623 256 3683 ratione
284 3639 343 3706 qua
364 3619 472 3680 Graeci
493 3639 516 3676 ει
538 3625 697 3678 uterentur.
739 3635 774 3678 ea
799 3619 920 3680 casibus
944 3613 1129 3697 n'umerIsque
1157 3619 1287 3682 discreta

72 3726 138 3792 est;
163 3723 198 3776 ut
227 3716 361 3775 Lucilius
389 3714 544 3791 praecepit
564 3713 632 3773 ‘iam
649 3731 734 3789 praere
753 3730 869 3788 venere,
890 3723 916 3772 et
930 3724 1069 3790 postremo
1158 3721 1190 3774 ut
1204 3719 1288 3790 pueri

72 3814 177 3890 plures
199 3810 288 3870 fiant'.
320 3829 355 3871 ac
377 3810 517 3887 deinceps
538 3808 616 3867 idem
638 3807 700 3867 ...''
798 3807 903 3867 Velius
918 3807 1044 3884 Longus
1064 3826 1093 3884 p.
1108 3809 1185 3867 2220
1206 3808 1287 3868 “Alii

73 3925 158 3982 uero,
182 3922 305 3982 quornm
325 3911 371 3964 est
390 3905 459 3964 item
479 3903 623 3975 Lucilius,
643 3901 722 3960 varie
743 3902 1000 3978 scriptitaverunt;
1027 3901 1171 3979 siqnidem
1191 3903 1222 3962 in
1241 3903 1286 3962 his

74 4018 153 4078 quae
173 3998 409 4076 producerentur
428 3998 488 4058 alia
503 4015 558 4075 per
577 3998 587 4055 i
606 3998 736 4072 longam,
757 3997 817 4057 alia
836 4013 891 4074 per
911 4015 927 4056 e
948 4004 978 4057 et
997 3997 1007 4057 i
1027 4003 1217 4070 notaverunt,
1246 3997 1288 4064 vis

76 4095 188 4154 delicet
211 4096 246 4152 ut
270 4093 436 4154 differentia
460 4092 589 4171 quadam
618 4098 805 4167 separantes,
836 4098 868 4151 nt
893 4110 958 4151 cum
985 4090 1148 4150 diceremus
1168 4090 1235 4164 viri,
1262 4092 1288 4154 si

75 4194 180 4248 essent
201 4187 312 4263 plures,
332 4205 387 4264 per
407 4205 424 4246 e
444 4195 474 4248 et
493 4188 503 4246 i
524 4187 729 4260 scriberemus,
750 4186 775 4244 si
794 4203 865 4244 vero
885 4190 968 4245 esset
987 4202 1062 4244 nnus
1086 4185 1202 4255 (uoluat)
1224 4185 1289 4259 uiri,

76 4310 291 4324 ——u—

157 4371 224 4429 316.
265 4369 375 4427 Fecero'e
394 4371 405 4423 ι’
423 4366 510 4424 solum
530 4362 647 4425 Lndor.
669 4364 758 4424 Ferd.
773 4361 954 4425 Schmidtius
974 4380 1004 4439 p.
1018 4363 1066 4421 21.
1164 4361 1288 4422 *Confi

78 4465 185 4508 comm.
206 4449 236 4506 in
256 4445 345 4504 Lucr.
366 4446 475 4520 p.329.
1044 4533 1089 4599 3*
