3202 5180
616 415 778 453 rnnnrnrro
1256 423 1302 465 vn

56 592 60 598 ·
84 574 225 641 ineertis
248 572 427 666 desiderari
449 572 600 638 videbam
623 573 764 638 aGellio
788 574 928 638 maxime
949 573 1177 657 Maerobioque
1199 579 1302 643 relata

83 728 287 812 fragmenta:
325 745 384 791 nee
411 731 519 791 tamen
547 733 582 792 ut
605 725 712 790 omnia
734 725 925 806 asciscerem
948 745 1031 808 quae
1053 735 1211 812 poteram,
1243 721 1308 794 sed

83 890 122 948 ut
138 883 355 966 relinquerem
369 879 508 964 primum
524 898 572 961 ea,
595 898 678 961 quae
698 898 739 943 ne
754 881 898 962 potuisse
914 881 1045 963 quidem
1061 881 1301 949 Laohmannum

84 1038 195 1122 ipsum
228 1041 285 1100 aut
304 1033 480 1117 Hauptlum
515 993 570 1096 illb
605 1051 689 1096 anuo
719 1033 814 1098 edere
841 1033 1087 1118 intellegebam,
1123 1035 1198 1101 dein
1225 1038 1301 1102 olim

84 1191 237 1273 vulgata,
267 1208 351 1273 quae
374 1192 429 1251 aut
449 1205 620 1270 perperam
650 1193 757 1250 essent
779 1187 821 1251 ad
843 1187 1001 1252 Lucilium
1024 1188 1128 1254 relata
1150 1198 1205 1268 aut
1226 1194 1300 1258 illos

90 1344 181 1409 viros
205 1342 287 1406 inter
314 1341 407 1405 huius
434 1345 549 1424 po'e'tae
572 1339 726 1420 reliquias
749 1339 892 1404 edituros
915 1341 1015 1406 fuisse
1038 1350 1124 1408 certa
1146 1344 1301 1412 dubitatio

88 1503 184 1563 esset.
232 1495 358 1579 Quippe
379 1513 444 1557 non
468 1494 527 1556 boo
550 1512 633 1556 nuno
655 1491 815 1574 agendum
839 1500 916 1578 orat,
939 1501 974 1558 ut
996 1516 1092 1577 quam
1113 1498 1301 1581 plenissima

85 1651 168 1715 haee
190 1647 431 1712 Lucilianorum
454 1645 598 1710 eolleetio
622 1651 758 1731 extaret,
787 1647 844 1712 sed
867 1654 902 1713 ut
924 1657 1077 1732 quantum
1099 1649 1168 1715 fieri
1191 1656 1300 1734 posset

85 1803 162 1867 talis
185 1801 288 1866 exiret
310 1798 438 1882 qualem
461 1804 517 1862 aut
532 1793 758 1865 Laehmannns
781 1808 837 1865 aut
852 1801 997 1884 proxime
1013 1809 1088 1886 post
1102 1801 1300 1868 Lachmanni

87 1955 212 2020 obitum
234 1952 395 2035 Hauptius
425 1948 569 2014 editurus
596 1948 695 2016 fuisse
722 1953 895 2019 videretur.
942 1955 1032 2033 Quae
1059 1957 1118 2021 etsi
1147 1963 1194 2021 est
1223 1978 1301 2022 sane

58 2100 63 2106 ’
87 2127 213 2189 manea,
238 2112 344 2169 tamen
369 2108 492 2167 tantam
514 2109 638 2186 partem
658 2104 699 2170 ab
715 2104 786 2189 ipso
802 2096 873 2171 esse
889 2107 1096 2172 Laohmanno
1112 2109 1302 2175 adornatam

85 2265 238 2344 apparet,
270 2263 305 2321 ut
327 2277 391 2321 non
414 2256 589 2320 verendum
613 2258 667 2341 sit,
697 2279 737 2322 ne
765 2259 826 2322 bae
848 2261 1071 2326 administrata
1093 2263 1233 2329 editione
1256 2265 1301 2327 in-

85 2412 196 2476 utilem
219 2431 287 2475 rem
309 2409 451 2490 gessisse
478 2411 659 2476 videamur:
699 2430 809 2475 verum
836 2414 882 2476 ita
904 2417 1072 2499 sentimus,
1107 2418 1215 2499 magni
1239 2419 1301 2482 viri

86 2581 218 2648 operam
248 2563 344 2628 etiarn
372 2583 437 2628 non
466 2561 514 2627 ad¹
532 2564 716 2628 umbilicum
743 2565 915 2631 adductam
945 2575 976 2632 et
998 2568 1053 2632 diu
1074 2590 1219 2653 pressam
1241 2590 1300 2634 nee
1332 2659 1334 2664 Ι

85 2735 142 2782 suo
179 2721 324 2798 tempore
358 2716 477 2816 editam
511 2735 576 2779 non
603 2715 804 2781 obsolesoere
833 2719 890 2782 sod
919 2719 973 2783 ubi
1001 2722 1136 2803 primum
1164 2723 1300 2806 prodeat

83 2867 188 2934 lueem
213 2887 368 2951 spargere
390 2870 626 2954 inexpectatum
651 2869 772 2932 otveri
796 2872 1020 2952 appetentibus
1043 2867 1177 2954 gratam.

170 3019 272 3084 Sorib.
296 3020 438 3085 Berolini
461 3042 502 3084 m.
526 3019 703 3103 Septembri
727 3040 756 3083 a.
779 3043 979 3088 mnoccuxxV.
