<?xml version="1.0" encoding="UTF-8"?>
<!DOCTYPE html PUBLIC "-//W3C//DTD XHTML 1.0 Transitional//EN"
    "http://www.w3.org/TR/xhtml1/DTD/xhtml1-transitional.dtd">
<html xmlns="http://www.w3.org/1999/xhtml" xml:lang="en" lang="en">
 <head>
  <title>
</title>
<meta http-equiv="Content-Type" content="text/html;charset=utf-8" />
  <meta name='ocr-system' content='tesseract 3.04.00' />
  <meta name='ocr-capabilities' content='ocr_page ocr_carea ocr_par ocr_line ocrx_word'/>
</head>
<body>
  <div class='ocr_page' id='page_1' title='image "./saturarum02lucigoog_0088.png"; bbox 0 0 3204 5184; ppageno 0'>
   <div class='ocr_carea' id='block_1_1' title="bbox 192 339 1040 1025">
    <p class='ocr_par' dir='ltr' id='par_1_1' title="bbox 192 339 1040 1025">
     <span class='ocr_line' id='line_1_1' title="bbox 632 339 887 445; baseline -0.008 0"><span class='ocrx_word' id='word_1_1' title='bbox 632 395 753 445; x_wconf 79' lang='lat' dir='ltr'>xxvni</span> <span class='ocrx_word' id='word_1_2' title='bbox 785 339 788 342; x_wconf 89' lang='lat'>.</span> <span class='ocrx_word' id='word_1_3' title='bbox 878 394 887 416; x_wconf 62' lang='lat'>.</span> 
     </span>
     <span class='ocr_line' id='line_1_2' title="bbox 194 747 789 817; baseline -0.002 -2"><span class='ocrx_word' id='word_1_4' title='bbox 194 751 353 817; x_wconf 80' lang='lat' dir='ltr'>Lucilium</span> <span class='ocrx_word' id='word_1_5' title='bbox 376 751 404 817; x_wconf 79' lang='lat' dir='ltr'>si</span> <span class='ocrx_word' id='word_1_6' title='bbox 427 771 538 817; x_wconf 88' lang='lat' dir='ltr'>amore</span> <span class='ocrx_word' id='word_1_7' title='bbox 560 747 700 815; x_wconf 87' lang='lat' dir='ltr'>inritarit</span> <span class='ocrx_word' id='word_1_8' title='bbox 720 769 789 814; x_wconf 90' lang='lat' dir='ltr'>sun.</span> 
     </span>
     <span class='ocr_line' id='line_1_3' title="bbox 192 935 1040 1025; baseline -0.001 -22"><span class='ocrx_word' id='word_1_9' title='bbox 192 938 240 1003; x_wconf 93' lang='lat' dir='ltr'>nil</span> <span class='ocrx_word' id='word_1_10' title='bbox 261 939 352 1025; x_wconf 91' lang='lat' dir='ltr'>parci</span> <span class='ocrx_word' id='word_1_11' title='bbox 375 957 414 1007; x_wconf 85' lang='lat' dir='ltr'>ac</span> <span class='ocrx_word' id='word_1_12' title='bbox 435 938 540 1025; x_wconf 88' lang='lat' dir='ltr'>pensi,</span> <span class='ocrx_word' id='word_1_13' title='bbox 563 936 619 1004; x_wconf 90' lang='lat' dir='ltr'>ubi</span> <span class='ocrx_word' id='word_1_14' title='bbox 641 935 766 1001; x_wconf 84' lang='lat' dir='ltr'><strong>litteras</strong></span> <span class='ocrx_word' id='word_1_15' title='bbox 787 938 906 1004; x_wconf 88' lang='lat' dir='ltr'>doceas</span> <span class='ocrx_word' id='word_1_16' title='bbox 928 937 1040 1004; x_wconf 93' lang='lat' dir='ltr'>lutum.</span> 
     </span>
    </p>
   </div>
   <div class='ocr_carea' id='block_1_2' title="bbox 101 1125 1154 1214">
    <p class='ocr_par' dir='ltr' id='par_1_2' title="bbox 101 1125 1154 1214">
     <span class='ocr_line' id='line_1_4' title="bbox 101 1125 1154 1214; baseline 0.001 -20"><span class='ocrx_word' id='word_1_17' title='bbox 101 1135 152 1194; x_wconf 85' lang='lat' dir='ltr'>su</span> <span class='ocrx_word' id='word_1_18' title='bbox 325 1146 445 1214; x_wconf 85' lang='lat' dir='ltr'>aquam</span> <span class='ocrx_word' id='word_1_19' title='bbox 467 1131 499 1191; x_wconf 91' lang='lat' dir='ltr'>te</span> <span class='ocrx_word' id='word_1_20' title='bbox 521 1125 555 1190; x_wconf 93' lang='lat' dir='ltr'>in</span> <span class='ocrx_word' id='word_1_21' title='bbox 578 1125 686 1191; x_wconf 88' lang='lat' dir='ltr'>animo</span> <span class='ocrx_word' id='word_1_22' title='bbox 708 1125 827 1192; x_wconf 88' lang='lat' dir='ltr'>habere</span> <span class='ocrx_word' id='word_1_23' title='bbox 850 1127 1048 1192; x_wconf 80' lang='lat' dir='ltr'>intercutem.</span> <span class='ocrx_word' id='word_1_24' title='bbox 1150 1187 1154 1195; x_wconf 92' lang='lat'>.</span> 
     </span>
    </p>
   </div>
   <div class='ocr_carea' id='block_1_3' title="bbox 195 1303 1187 1484">
    <p class='ocr_par' dir='ltr' id='par_1_3' title="bbox 195 1303 1187 1484">
     <span class='ocr_line' id='line_1_5' title="bbox 740 1303 1187 1402; baseline 0.009 -24"><span class='ocrx_word' id='word_1_25' title='bbox 740 1313 824 1380; x_wconf 81' lang='lat' dir='ltr'>‘hinc</span> <span class='ocrx_word' id='word_1_26' title='bbox 845 1314 889 1381; x_wconf 87' lang='lat' dir='ltr'>ad</span> <span class='ocrx_word' id='word_1_27' title='bbox 911 1334 972 1402; x_wconf 88' lang='lat' dir='ltr'>me,</span> <span class='ocrx_word' id='word_1_28' title='bbox 996 1303 1080 1381; x_wconf 86' lang='lat' dir='ltr'>hinc</span> <span class='ocrx_word' id='word_1_29' title='bbox 1093 1316 1187 1382; x_wconf 85' lang='lat' dir='ltr'>licet’</span> 
     </span>
     <span class='ocr_line' id='line_1_6' title="bbox 195 1415 740 1484; baseline -0.007 0"><span class='ocrx_word' id='word_1_30' title='bbox 195 1419 268 1484; x_wconf 87' lang='lat' dir='ltr'>anu&#39;</span> <span class='ocrx_word' id='word_1_31' title='bbox 294 1438 418 1484; x_wconf 91' lang='lat' dir='ltr'>rursum</span> <span class='ocrx_word' id='word_1_32' title='bbox 441 1415 484 1481; x_wconf 88' lang='lat' dir='ltr'>ad</span> <span class='ocrx_word' id='word_1_33' title='bbox 507 1416 679 1482; x_wconf 89' lang='lat' dir='ltr'>armillum.</span> <span class='ocrx_word' id='word_1_34' title='bbox 737 1475 740 1480; x_wconf 47' lang='grc'><strong>.</strong></span> 
     </span>
    </p>
   </div>
   <div class='ocr_carea' id='block_1_4' title="bbox 172 1602 1015 1674">
    <p class='ocr_par' dir='ltr' id='par_1_4' title="bbox 172 1602 1015 1674">
     <span class='ocr_line' id='line_1_7' title="bbox 172 1602 1015 1674; baseline 0 -3"><span class='ocrx_word' id='word_1_35' title='bbox 172 1610 299 1674; x_wconf 85' lang='lat' dir='ltr'>utrum</span> <span class='ocrx_word' id='word_1_36' title='bbox 321 1623 406 1669; x_wconf 88' lang='lat' dir='ltr'>anno</span> <span class='ocrx_word' id='word_1_37' title='bbox 430 1621 473 1668; x_wconf 91' lang='lat' dir='ltr'>au</span> <span class='ocrx_word' id='word_1_38' title='bbox 494 1602 595 1667; x_wconf 91' lang='lat' dir='ltr'>horno</span> <span class='ocrx_word' id='word_1_39' title='bbox 619 1607 650 1670; x_wconf 89' lang='lat' dir='ltr'>tc</span> <span class='ocrx_word' id='word_1_40' title='bbox 672 1603 867 1672; x_wconf 79' lang='lat' dir='ltr'>abstinueris</span> <span class='ocrx_word' id='word_1_41' title='bbox 892 1627 913 1672; x_wconf 89' lang='lat' dir='ltr'>a</span> <span class='ocrx_word' id='word_1_42' title='bbox 935 1607 1015 1674; x_wconf 89' lang='lat' dir='ltr'>viro.</span> 
     </span>
    </p>
   </div>
   <div class='ocr_carea' id='block_1_5' title="bbox 100 1786 973 1982">
    <p class='ocr_par' dir='ltr' id='par_1_5' title="bbox 100 1786 973 1982">
     <span class='ocr_line' id='line_1_8' title="bbox 196 1786 973 1880; baseline 0.003 -22"><span class='ocrx_word' id='word_1_43' title='bbox 196 1800 368 1880; x_wconf 88' lang='lat' dir='ltr'>praeterea</span> <span class='ocrx_word' id='word_1_44' title='bbox 389 1790 471 1856; x_wconf 89' lang='lat' dir='ltr'>haec</span> <span class='ocrx_word' id='word_1_45' title='bbox 492 1790 657 1858; x_wconf 82' lang='lat' dir='ltr'>subsiciva</span> <span class='ocrx_word' id='word_1_46' title='bbox 679 1792 707 1858; x_wconf 93' lang='lat' dir='ltr'>si</span> <span class='ocrx_word' id='word_1_47' title='bbox 730 1786 861 1878; x_wconf 81' lang='lat' dir='ltr'>quando</span> <span class='ocrx_word' id='word_1_48' title='bbox 884 1795 973 1862; x_wconf 86' lang='lat' dir='ltr'>voles</span> 
     </span>
     <span class='ocr_line' id='line_1_9' title="bbox 100 1903 302 1982; baseline 0 -20"><span class='ocrx_word' id='word_1_49' title='bbox 100 1903 158 1963; x_wconf 88' lang='grc'><strong>688</strong></span> <span class='ocrx_word' id='word_1_50' title='bbox 201 1915 302 1982; x_wconf 86' lang='lat' dir='ltr'>opera</span> 
     </span>
    </p>
   </div>
   <div class='ocr_carea' id='block_1_6' title="bbox 196 2081 984 2178">
    <p class='ocr_par' dir='ltr' id='par_1_6' title="bbox 196 2081 984 2178">
     <span class='ocr_line' id='line_1_10' title="bbox 196 2081 984 2178; baseline 0.001 -28"><span class='ocrx_word' id='word_1_51' title='bbox 196 2084 369 2151; x_wconf 80' lang='lat' dir='ltr'>fulmentas</span> <span class='ocrx_word' id='word_1_52' title='bbox 392 2081 505 2150; x_wconf 85' lang='lat' dir='ltr'>veneis</span> <span class='ocrx_word' id='word_1_53' title='bbox 529 2090 626 2178; x_wconf 87' lang='lat' dir='ltr'>atque</span> <span class='ocrx_word' id='word_1_54' title='bbox 648 2085 784 2151; x_wconf 93' lang='lat' dir='ltr'>animeis</span> <span class='ocrx_word' id='word_1_55' title='bbox 806 2085 984 2152; x_wconf 88' lang='lat' dir='ltr'>subducere</span> 
     </span>
    </p>
   </div>
   <div class='ocr_carea' id='block_1_7' title="bbox 197 2271 1037 2462">
    <p class='ocr_par' dir='ltr' id='par_1_7' title="bbox 197 2271 1037 2462">
     <span class='ocr_line' id='line_1_11' title="bbox 872 2271 1037 2338; baseline 0.012 -2"><span class='ocrx_word' id='word_1_56' title='bbox 872 2271 1037 2338; x_wconf 80' lang='lat' dir='ltr'>Socratem</span> 
     </span>
     <span class='ocr_line' id='line_1_12' title="bbox 197 2373 1036 2462; baseline -0.002 -21"><span class='ocrx_word' id='word_1_57' title='bbox 197 2375 330 2462; x_wconf 90' lang='lat' dir='ltr'>quidam</span> <span class='ocrx_word' id='word_1_58' title='bbox 353 2382 492 2462; x_wconf 86' lang='lat' dir='ltr'>tyranno</span> <span class='ocrx_word' id='word_1_59' title='bbox 515 2373 613 2440; x_wconf 87' lang='lat' dir='ltr'>misse</span> <span class='ocrx_word' id='word_1_60' title='bbox 636 2374 837 2461; x_wconf 87' lang='lat' dir='ltr'>Aristippum</span> <span class='ocrx_word' id='word_1_61' title='bbox 860 2380 1036 2442; x_wconf 81' lang='lat' dir='ltr'>autumant.</span> 
     </span>
    </p>
   </div>
   <div class='ocr_carea' id='block_1_8' title="bbox 79 2561 1384 4153">
    <p class='ocr_par' dir='ltr' id='par_1_8' title="bbox 79 2561 1384 2722">
     <span class='ocr_line' id='line_1_13' title="bbox 165 2561 1384 2640; baseline -0.005 -13"><span class='ocrx_word' id='word_1_62' title='bbox 165 2565 232 2626; x_wconf 84' lang='grc'><strong>673.</strong></span> <span class='ocrx_word' id='word_1_63' title='bbox 273 2565 390 2625; x_wconf 87' lang='lat' dir='ltr'>Nonius</span> <span class='ocrx_word' id='word_1_64' title='bbox 416 2581 446 2640; x_wconf 89' lang='lat' dir='ltr'>p.</span> <span class='ocrx_word' id='word_1_65' title='bbox 459 2565 508 2636; x_wconf 86' lang='lat'>31,</span> <span class='ocrx_word' id='word_1_66' title='bbox 530 2564 568 2622; x_wconf 82' lang='lat'>28</span> <span class='ocrx_word' id='word_1_67' title='bbox 595 2561 750 2625; x_wconf 80' lang='lat' dir='ltr'>“Inritare</span> <span class='ocrx_word' id='word_1_68' title='bbox 776 2565 887 2626; x_wconf 89' lang='lat' dir='ltr'>dictum</span> <span class='ocrx_word' id='word_1_69' title='bbox 913 2568 960 2622; x_wconf 88' lang='lat' dir='ltr'>est</span> <span class='ocrx_word' id='word_1_70' title='bbox 984 2563 1104 2640; x_wconf 84' lang='lat' dir='ltr'>proprie</span> <span class='ocrx_word' id='word_1_71' title='bbox 1129 2579 1302 2640; x_wconf 85' lang='lat' dir='ltr'>provocare.</span> <span class='ocrx_word' id='word_1_72' title='bbox 1382 2580 1384 2586; x_wconf 91' lang='lat'>·</span> 
     </span>
     <span class='ocr_line' id='line_1_14' title="bbox 79 2657 1075 2722; baseline -0.003 -2"><span class='ocrx_word' id='word_1_73' title='bbox 79 2657 281 2721; x_wconf 78' lang='lat' dir='ltr'>&#39;...Lucilius</span> <span class='ocrx_word' id='word_1_74' title='bbox 302 2661 352 2720; x_wconf 93' lang='lat' dir='ltr'>lib.</span> <span class='ocrx_word' id='word_1_75' title='bbox 366 2677 465 2716; x_wconf 86' lang='lat' dir='ltr'>xxvrrr</span> <span class='ocrx_word' id='word_1_76' title='bbox 486 2657 596 2715; x_wconf 83' lang='lat' dir='ltr'>‘nucmr</span> <span class='ocrx_word' id='word_1_77' title='bbox 615 2675 642 2714; x_wconf 86' lang='lat' dir='ltr'>sr</span> <span class='ocrx_word' id='word_1_78' title='bbox 662 2677 694 2715; x_wconf 82' lang='lat' dir='ltr'>ru</span> <span class='ocrx_word' id='word_1_79' title='bbox 716 2677 815 2719; x_wconf 86' lang='lat' dir='ltr'>amore</span> <span class='ocrx_word' id='word_1_80' title='bbox 835 2660 964 2722; x_wconf 89' lang='lat' dir='ltr'>inritarit</span> <span class='ocrx_word' id='word_1_81' title='bbox 985 2659 1075 2718; x_wconf 87' lang='lat' dir='ltr'>suo&#39;.&#39;&#39;</span> 
     </span>
    </p>

    <p class='ocr_par' dir='ltr' id='par_1_9' title="bbox 81 2749 1300 3022">
     <span class='ocr_line' id='line_1_15' title="bbox 169 2749 1300 2831; baseline -0.004 -17"><span class='ocrx_word' id='word_1_82' title='bbox 169 2753 236 2816; x_wconf 83' lang='grc'><strong>674.</strong></span> <span class='ocrx_word' id='word_1_83' title='bbox 275 2755 392 2815; x_wconf 87' lang='lat' dir='ltr'>Nonius</span> <span class='ocrx_word' id='word_1_84' title='bbox 413 2772 442 2830; x_wconf 89' lang='lat' dir='ltr'>p.</span> <span class='ocrx_word' id='word_1_85' title='bbox 457 2755 504 2830; x_wconf 88' lang='lat'>36,</span> <span class='ocrx_word' id='word_1_86' title='bbox 519 2753 557 2812; x_wconf 88' lang='grc'>32</span> <span class='ocrx_word' id='word_1_87' title='bbox 579 2749 729 2812; x_wconf 79' lang='lat' dir='ltr'>“Peneum</span> <span class='ocrx_word' id='word_1_88' title='bbox 750 2753 900 2829; x_wconf 84' lang='lat' dir='ltr'>significet</span> <span class='ocrx_word' id='word_1_89' title='bbox 913 2759 1121 2831; x_wconf 65' lang='lat' dir='ltr'>exaequatum</span> <span class='ocrx_word' id='word_1_90' title='bbox 1144 2752 1224 2829; x_wconf 89' lang='lat' dir='ltr'>quod</span> <span class='ocrx_word' id='word_1_91' title='bbox 1238 2753 1300 2812; x_wconf 87' lang='lat' dir='ltr'>sine</span> 
     </span>
     <span class='ocr_line' id='line_1_16' title="bbox 81 2845 1300 2924; baseline -0.002 -16"><span class='ocrx_word' id='word_1_92' title='bbox 81 2849 277 2910; x_wconf 85' lang='lat' dir='ltr'>inclinatione</span> <span class='ocrx_word' id='word_1_93' title='bbox 303 2855 372 2910; x_wconf 89' lang='lat' dir='ltr'>suut</span> <span class='ocrx_word' id='word_1_94' title='bbox 396 2863 472 2924; x_wconf 85' lang='lat' dir='ltr'>quac</span> <span class='ocrx_word' id='word_1_95' title='bbox 497 2845 673 2923; x_wconf 86' lang='lat' dir='ltr'>penduntur.</span> <span class='ocrx_word' id='word_1_96' title='bbox 711 2848 844 2909; x_wconf 88' lang='lat' dir='ltr'>Lucilius</span> <span class='ocrx_word' id='word_1_97' title='bbox 868 2845 1300 2909; x_wconf 77' lang='lat' dir='ltr'>lib.xxv111‘nttitrnnv1ac</span> 
     </span>
     <span class='ocr_line' id='line_1_17' title="bbox 82 2940 1143 3022; baseline -0.008 -17"><span class='ocrx_word' id='word_1_98' title='bbox 82 2945 173 3022; x_wconf 89' lang='lat' dir='ltr'>pensi</span> <span class='ocrx_word' id='word_1_99' title='bbox 193 2964 246 3002; x_wconf 84' lang='lat' dir='ltr'>uri</span> <span class='ocrx_word' id='word_1_100' title='bbox 268 2961 405 3002; x_wconf 75' lang='lat' dir='ltr'>urrunnu</span> <span class='ocrx_word' id='word_1_101' title='bbox 427 2941 510 3017; x_wconf 92' lang='lat' dir='ltr'>(olim</span> <span class='ocrx_word' id='word_1_102' title='bbox 530 2941 726 3018; x_wconf 74' lang='lat' dir='ltr'>impressisti</span> <span class='ocrx_word' id='word_1_103' title='bbox 746 2941 863 3020; x_wconf 77' lang='lat' dir='ltr'>litteras)</span> <span class='ocrx_word' id='word_1_104' title='bbox 885 2942 994 3002; x_wconf 88' lang='lat' dir='ltr'>doceas</span> <span class='ocrx_word' id='word_1_105' title='bbox 1014 2940 1143 2999; x_wconf 80' lang='lat' dir='ltr'>lutum’.&#39;&#39;</span> 
     </span>
    </p>

    <p class='ocr_par' dir='ltr' id='par_1_10' title="bbox 86 3032 1300 3210">
     <span class='ocr_line' id='line_1_18' title="bbox 166 3032 1300 3114; baseline -0.007 -16"><span class='ocrx_word' id='word_1_106' title='bbox 166 3037 233 3099; x_wconf 87' lang='grc'><strong>675.</strong></span> <span class='ocrx_word' id='word_1_107' title='bbox 272 3037 389 3098; x_wconf 88' lang='lat' dir='ltr'>Nonius</span> <span class='ocrx_word' id='word_1_108' title='bbox 408 3054 438 3113; x_wconf 94' lang='lat' dir='ltr'>p.</span> <span class='ocrx_word' id='word_1_109' title='bbox 456 3035 534 3111; x_wconf 69' lang='lat'>3⁷‚3</span> <span class='ocrx_word' id='word_1_110' title='bbox 556 3034 668 3112; x_wconf 86' lang='lat' dir='ltr'>“Aqua</span> <span class='ocrx_word' id='word_1_111' title='bbox 686 3037 833 3110; x_wconf 85' lang='lat' dir='ltr'>intercus,</span> <span class='ocrx_word' id='word_1_112' title='bbox 855 3036 1022 3114; x_wconf 80' lang='lat' dir='ltr'>hydropem</span> <span class='ocrx_word' id='word_1_113' title='bbox 1046 3034 1167 3094; x_wconf 84' lang='lat' dir='ltr'>morbus</span> <span class='ocrx_word' id='word_1_114' title='bbox 1183 3079 1189 3092; x_wconf 94' lang='lat'>.</span> <span class='ocrx_word' id='word_1_115' title='bbox 1203 3080 1208 3093; x_wconf 94' lang='lat'>.</span> <span class='ocrx_word' id='word_1_116' title='bbox 1222 3079 1228 3092; x_wconf 93' lang='lat'>.</span> <span class='ocrx_word' id='word_1_117' title='bbox 1241 3032 1300 3090; x_wconf 89' lang='lat' dir='ltr'>Lu·</span> 
     </span>
     <span class='ocr_line' id='line_1_19' title="bbox 86 3129 1020 3210; baseline -0.004 -19"><span class='ocrx_word' id='word_1_118' title='bbox 86 3133 174 3193; x_wconf 90' lang='lat' dir='ltr'>cilius</span> <span class='ocrx_word' id='word_1_119' title='bbox 194 3133 246 3192; x_wconf 94' lang='lat' dir='ltr'>lib.</span> <span class='ocrx_word' id='word_1_120' title='bbox 261 3151 360 3189; x_wconf 74' lang='lat' dir='ltr'>xxiun</span> <span class='ocrx_word' id='word_1_121' title='bbox 382 3129 500 3207; x_wconf 83' lang='lat' dir='ltr'>‘nquam</span> <span class='ocrx_word' id='word_1_122' title='bbox 515 3175 521 3187; x_wconf 95' lang='lat'>.</span> <span class='ocrx_word' id='word_1_123' title='bbox 534 3174 541 3188; x_wconf 92' lang='lat'>.</span> <span class='ocrx_word' id='word_1_124' title='bbox 553 3177 560 3190; x_wconf 89' lang='lat'>.</span> <span class='ocrx_word' id='word_1_125' title='bbox 574 3129 785 3189; x_wconf 85' lang='lat' dir='ltr'>intercutem’.&#39;&#39;</span> <span class='ocrx_word' id='word_1_126' title='bbox 1019 3204 1020 3210; x_wconf 7' lang='grc' dir='ltr'>ἵ</span> 
     </span>
    </p>

    <p class='ocr_par' dir='ltr' id='par_1_11' title="bbox 84 3221 1301 3384">
     <span class='ocr_line' id='line_1_20' title="bbox 165 3221 1301 3303; baseline -0.003 -17"><span class='ocrx_word' id='word_1_127' title='bbox 165 3227 230 3286; x_wconf 73' lang='lat' dir='ltr'>cic.</span> <span class='ocrx_word' id='word_1_128' title='bbox 271 3226 388 3288; x_wconf 87' lang='lat' dir='ltr'>Nonius</span> <span class='ocrx_word' id='word_1_129' title='bbox 408 3244 439 3303; x_wconf 93' lang='lat' dir='ltr'>p.</span> <span class='ocrx_word' id='word_1_130' title='bbox 456 3222 503 3301; x_wconf 85' lang='grc'>74,</span> <span class='ocrx_word' id='word_1_131' title='bbox 525 3227 560 3284; x_wconf 85' lang='grc'>18</span> <span class='ocrx_word' id='word_1_132' title='bbox 583 3223 767 3285; x_wconf 78' lang='lat' dir='ltr'>“Armillum.</span> <span class='ocrx_word' id='word_1_133' title='bbox 806 3223 941 3285; x_wconf 86' lang='lat' dir='ltr'>Lucilius</span> <span class='ocrx_word' id='word_1_134' title='bbox 966 3222 1017 3284; x_wconf 92' lang='lat' dir='ltr'>lib.</span> <span class='ocrx_word' id='word_1_135' title='bbox 1031 3241 1130 3281; x_wconf 86' lang='lat' dir='ltr'>xxvur</span> <span class='ocrx_word' id='word_1_136' title='bbox 1150 3221 1228 3284; x_wconf 87' lang='lat' dir='ltr'>‘hinc</span> <span class='ocrx_word' id='word_1_137' title='bbox 1248 3268 1254 3280; x_wconf 95' lang='lat'>.</span> <span class='ocrx_word' id='word_1_138' title='bbox 1271 3267 1301 3283; x_wconf 92' lang='lat'>..</span> 
     </span>
     <span class='ocr_line' id='line_1_21' title="bbox 84 3320 267 3384; baseline -0.033 0"><span class='ocrx_word' id='word_1_139' title='bbox 84 3320 267 3384; x_wconf 86' lang='lat' dir='ltr'>armillum’.&#39;&#39;</span> 
     </span>
    </p>

    <p class='ocr_par' dir='ltr' id='par_1_12' title="bbox 85 3410 1302 3570">
     <span class='ocr_line' id='line_1_22' title="bbox 166 3410 1302 3491; baseline -0.008 -16"><span class='ocrx_word' id='word_1_140' title='bbox 166 3414 233 3475; x_wconf 92' lang='grc'><strong>678.</strong></span> <span class='ocrx_word' id='word_1_141' title='bbox 273 3413 391 3474; x_wconf 85' lang='lat' dir='ltr'>Nonius</span> <span class='ocrx_word' id='word_1_142' title='bbox 411 3432 442 3491; x_wconf 93' lang='lat' dir='ltr'>p.</span> <span class='ocrx_word' id='word_1_143' title='bbox 459 3415 555 3490; x_wconf 82' lang='lat'><strong>121,7</strong></span> <span class='ocrx_word' id='word_1_144' title='bbox 576 3410 743 3487; x_wconf 79' lang='lat' dir='ltr'>“Hornum,</span> <span class='ocrx_word' id='word_1_145' title='bbox 763 3413 857 3491; x_wconf 87' lang='lat' dir='ltr'>ipsius</span> <span class='ocrx_word' id='word_1_146' title='bbox 879 3412 958 3473; x_wconf 91' lang='lat' dir='ltr'>anni.</span> <span class='ocrx_word' id='word_1_147' title='bbox 990 3411 1124 3471; x_wconf 89' lang='lat' dir='ltr'>Lucilius</span> <span class='ocrx_word' id='word_1_148' title='bbox 1143 3411 1194 3471; x_wconf 91' lang='lat' dir='ltr'>lib.</span> <span class='ocrx_word' id='word_1_149' title='bbox 1210 3427 1302 3468; x_wconf 81' lang='lat' dir='ltr'>rxvnr</span> 
     </span>
     <span class='ocr_line' id='line_1_23' title="bbox 85 3507 969 3570; baseline -0.005 0"><span class='ocrx_word' id='word_1_150' title='bbox 85 3510 196 3570; x_wconf 83' lang='lat' dir='ltr'>‘utrum</span> <span class='ocrx_word' id='word_1_151' title='bbox 212 3555 219 3569; x_wconf 94' lang='lat'>.</span> <span class='ocrx_word' id='word_1_152' title='bbox 233 3555 239 3567; x_wconf 95' lang='lat'>.</span> <span class='ocrx_word' id='word_1_153' title='bbox 253 3555 258 3566; x_wconf 96' lang='lat'>.</span> <span class='ocrx_word' id='word_1_154' title='bbox 271 3508 366 3567; x_wconf 89' lang='lat' dir='ltr'>horno</span> <span class='ocrx_word' id='word_1_155' title='bbox 386 3512 416 3568; x_wconf 86' lang='lat' dir='ltr'>ts</span> <span class='ocrx_word' id='word_1_156' title='bbox 436 3524 623 3565; x_wconf 71' lang='lat' dir='ltr'>unsrunmns</span> <span class='ocrx_word' id='word_1_157' title='bbox 643 3525 662 3566; x_wconf 86' lang='lat' dir='ltr'>a</span> <span class='ocrx_word' id='word_1_158' title='bbox 681 3507 779 3568; x_wconf 81' lang='lat' dir='ltr'>viro’.&#39;&#39;</span> <span class='ocrx_word' id='word_1_159' title='bbox 965 3511 969 3518; x_wconf 89' lang='grc'><strong>’</strong></span> 
     </span>
    </p>

    <p class='ocr_par' dir='ltr' id='par_1_13' title="bbox 85 3597 1300 3774">
     <span class='ocr_line' id='line_1_24' title="bbox 165 3597 1300 3680; baseline -0.005 -16"><span class='ocrx_word' id='word_1_160' title='bbox 165 3604 230 3665; x_wconf 87' lang='grc'><strong>679.</strong></span> <span class='ocrx_word' id='word_1_161' title='bbox 271 3603 389 3662; x_wconf 89' lang='lat' dir='ltr'>Nonius</span> <span class='ocrx_word' id='word_1_162' title='bbox 409 3621 439 3680; x_wconf 91' lang='lat' dir='ltr'>p.</span> <span class='ocrx_word' id='word_1_163' title='bbox 457 3599 520 3678; x_wconf 81' lang='grc'><strong>175,</strong></span> <span class='ocrx_word' id='word_1_164' title='bbox 535 3603 572 3660; x_wconf 94' lang='grc'>21</span> <span class='ocrx_word' id='word_1_165' title='bbox 596 3597 819 3678; x_wconf 82' lang='lat' dir='ltr'>“Subsicivum,</span> <span class='ocrx_word' id='word_1_166' title='bbox 844 3601 1020 3676; x_wconf 84' lang='lat' dir='ltr'>secundum,</span> <span class='ocrx_word' id='word_1_167' title='bbox 1042 3618 1179 3677; x_wconf 87' lang='lat' dir='ltr'>sequens.</span> <span class='ocrx_word' id='word_1_168' title='bbox 1211 3599 1300 3661; x_wconf 89' lang='lat' dir='ltr'>Luci-</span> 
     </span>
     <span class='ocr_line' id='line_1_25' title="bbox 85 3693 748 3774; baseline -0.012 -16"><span class='ocrx_word' id='word_1_169' title='bbox 85 3700 144 3759; x_wconf 87' lang='lat' dir='ltr'>lius</span> <span class='ocrx_word' id='word_1_170' title='bbox 163 3700 215 3759; x_wconf 91' lang='lat' dir='ltr'>lib.</span> <span class='ocrx_word' id='word_1_171' title='bbox 229 3717 328 3757; x_wconf 83' lang='lat' dir='ltr'>xxvnr</span> <span class='ocrx_word' id='word_1_172' title='bbox 350 3696 536 3774; x_wconf 64' lang='lat' dir='ltr'>praeterea.</span> <span class='ocrx_word' id='word_1_173' title='bbox 548 3741 555 3758; x_wconf 88' lang='lat'>.</span> <span class='ocrx_word' id='word_1_174' title='bbox 569 3693 748 3753; x_wconf 77' lang='lat' dir='ltr'>.01²nunm’.’&#39;</span> 
     </span>
    </p>

    <p class='ocr_par' dir='ltr' id='par_1_14' title="bbox 86 3788 1302 3963">
     <span class='ocr_line' id='line_1_26' title="bbox 164 3788 1302 3868; baseline -0.004 -16"><span class='ocrx_word' id='word_1_175' title='bbox 164 3795 230 3853; x_wconf 90' lang='grc'><strong>681.</strong></span> <span class='ocrx_word' id='word_1_176' title='bbox 270 3791 386 3852; x_wconf 90' lang='lat' dir='ltr'>Nonius</span> <span class='ocrx_word' id='word_1_177' title='bbox 406 3809 435 3868; x_wconf 89' lang='lat' dir='ltr'>p.</span> <span class='ocrx_word' id='word_1_178' title='bbox 448 3793 515 3867; x_wconf 87' lang='grc'><strong>286,</strong></span> <span class='ocrx_word' id='word_1_179' title='bbox 526 3792 564 3850; x_wconf 82' lang='grc'><strong>26</strong></span> <span class='ocrx_word' id='word_1_180' title='bbox 577 3788 792 3848; x_wconf 68' lang='grc' dir='ltr'>’Ὓηὶωθηῐωη</span> <span class='ocrx_word' id='word_1_181' title='bbox 801 3835 807 3849; x_wconf 94' lang='grc'><strong>.</strong></span> <span class='ocrx_word' id='word_1_182' title='bbox 817 3835 823 3849; x_wconf 92' lang='grc'><strong>.</strong></span> <span class='ocrx_word' id='word_1_183' title='bbox 832 3835 838 3848; x_wconf 97' lang='grc'><strong>.</strong></span> <span class='ocrx_word' id='word_1_184' title='bbox 847 3788 985 3849; x_wconf 85' lang='lat' dir='ltr'>feminino</span> <span class='ocrx_word' id='word_1_185' title='bbox 1001 3790 1136 3850; x_wconf 88' lang='lat' dir='ltr'>Lucilius</span> <span class='ocrx_word' id='word_1_186' title='bbox 1149 3789 1302 3850; x_wconf 84' lang='lat' dir='ltr'>lib.xxvnr</span> 
     </span>
     <span class='ocr_line' id='line_1_27' title="bbox 86 3879 872 3963; baseline -0.005 -15"><span class='ocrx_word' id='word_1_187' title='bbox 86 3888 261 3948; x_wconf 79' lang='lat' dir='ltr'>‘fulmentas</span> <span class='ocrx_word' id='word_1_188' title='bbox 281 3903 390 3943; x_wconf 74' lang='lat' dir='ltr'>anmals</span> <span class='ocrx_word' id='word_1_189' title='bbox 411 3892 500 3963; x_wconf 83' lang='lat' dir='ltr'>atque</span> <span class='ocrx_word' id='word_1_190' title='bbox 522 3903 629 3942; x_wconf 76' lang='lat' dir='ltr'>saumis</span> <span class='ocrx_word' id='word_1_191' title='bbox 650 3879 872 3944; x_wconf 40' lang='lat' dir='ltr'>subduccl·e&#39;.&#39;&#39;⁸</span> 
     </span>
    </p>

    <p class='ocr_par' dir='ltr' id='par_1_15' title="bbox 86 3976 1299 4153">
     <span class='ocr_line' id='line_1_28' title="bbox 167 3976 1299 4059; baseline -0.005 -19"><span class='ocrx_word' id='word_1_192' title='bbox 167 3983 232 4040; x_wconf 89' lang='grc'><strong>682.</strong></span> <span class='ocrx_word' id='word_1_193' title='bbox 270 3980 388 4041; x_wconf 88' lang='lat' dir='ltr'>Nonius</span> <span class='ocrx_word' id='word_1_194' title='bbox 418 4000 448 4059; x_wconf 90' lang='lat' dir='ltr'>p.</span> <span class='ocrx_word' id='word_1_195' title='bbox 463 3977 567 4057; x_wconf 86' lang='grc'><strong>237,6</strong></span> <span class='ocrx_word' id='word_1_196' title='bbox 595 3977 780 4038; x_wconf 80' lang='lat' dir='ltr'>“Autumare</span> <span class='ocrx_word' id='word_1_197' title='bbox 806 3986 853 4039; x_wconf 87' lang='lat' dir='ltr'>est</span> <span class='ocrx_word' id='word_1_198' title='bbox 877 3979 984 4041; x_wconf 86' lang='lat' dir='ltr'>dicere.</span> <span class='ocrx_word' id='word_1_199' title='bbox 1090 3976 1224 4040; x_wconf 87' lang='lat' dir='ltr'>Lucilius</span> <span class='ocrx_word' id='word_1_200' title='bbox 1248 3976 1299 4036; x_wconf 92' lang='lat' dir='ltr'>lib.</span> 
     </span>
     <span class='ocr_line' id='line_1_29' title="bbox 86 4070 1281 4153; baseline -0.003 -19"><span class='ocrx_word' id='word_1_201' title='bbox 86 4094 188 4134; x_wconf 85' lang='lat' dir='ltr'>xxvnr</span> <span class='ocrx_word' id='word_1_202' title='bbox 210 4074 399 4135; x_wconf 73' lang='lat' dir='ltr'>‘securarum</span> <span class='ocrx_word' id='word_1_203' title='bbox 420 4093 496 4136; x_wconf 84' lang='lat' dir='ltr'>curn</span> <span class='ocrx_word' id='word_1_204' title='bbox 516 4092 601 4133; x_wconf 78' lang='lat' dir='ltr'>aura</span> <span class='ocrx_word' id='word_1_205' title='bbox 620 4079 745 4151; x_wconf 88' lang='lat' dir='ltr'>tyranno</span> <span class='ocrx_word' id='word_1_206' title='bbox 766 4077 868 4134; x_wconf 67' lang='lat' dir='ltr'>micam</span> <span class='ocrx_word' id='word_1_207' title='bbox 886 4076 1076 4153; x_wconf 87' lang='lat' dir='ltr'>Aristippum</span> <span class='ocrx_word' id='word_1_208' title='bbox 1095 4070 1281 4135; x_wconf 84' lang='lat' dir='ltr'>autumant&#39;.&#39;’</span> 
     </span>
    </p>
   </div>
   <div class='ocr_carea' id='block_1_9' title="bbox 87 4236 1301 4377">
    <p class='ocr_par' dir='ltr' id='par_1_16' title="bbox 87 4236 1301 4377">
     <span class='ocr_line' id='line_1_30' title="bbox 165 4236 1301 4315; baseline 0 -18"><span class='ocrx_word' id='word_1_209' title='bbox 165 4236 219 4297; x_wconf 87' lang='grc'><strong>677</strong></span> <span class='ocrx_word' id='word_1_210' title='bbox 224 4282 230 4296; x_wconf 92' lang='grc'><strong>.</strong></span> <span class='ocrx_word' id='word_1_211' title='bbox 269 4237 321 4296; x_wconf 80' lang='lat' dir='ltr'>Aa</span> <span class='ocrx_word' id='word_1_212' title='bbox 339 4239 487 4310; x_wconf 78' lang='lat' dir='ltr'>armillum,</span> <span class='ocrx_word' id='word_1_213' title='bbox 507 4236 539 4296; x_wconf 89' lang='lat' dir='ltr'>id</span> <span class='ocrx_word' id='word_1_214' title='bbox 559 4242 605 4297; x_wconf 89' lang='lat' dir='ltr'>est</span> <span class='ocrx_word' id='word_1_215' title='bbox 623 4237 662 4296; x_wconf 89' lang='lat' dir='ltr'>ad</span> <span class='ocrx_word' id='word_1_216' title='bbox 678 4254 798 4299; x_wconf 89' lang='lat' dir='ltr'>urceum</span> <span class='ocrx_word' id='word_1_217' title='bbox 811 4237 965 4313; x_wconf 84' lang='lat' dir='ltr'>vinarium,</span> <span class='ocrx_word' id='word_1_218' title='bbox 986 4243 1086 4299; x_wconf 81' lang='lat' dir='ltr'>reverti</span> <span class='ocrx_word' id='word_1_219' title='bbox 1099 4237 1237 4298; x_wconf 87' lang='lat' dir='ltr'>dicuutur</span> <span class='ocrx_word' id='word_1_220' title='bbox 1250 4238 1301 4315; x_wconf 92' lang='lat' dir='ltr'>qui</span> 
     </span>
     <span class='ocr_line' id='line_1_31' title="bbox 87 4314 718 4377; baseline 0 -3"><span class='ocrx_word' id='word_1_221' title='bbox 87 4315 127 4374; x_wconf 91' lang='lat' dir='ltr'>ad</span> <span class='ocrx_word' id='word_1_222' title='bbox 148 4332 246 4375; x_wconf 88' lang='lat' dir='ltr'>mores</span> <span class='ocrx_word' id='word_1_223' title='bbox 268 4333 339 4374; x_wconf 85' lang='lat' dir='ltr'>suos</span> <span class='ocrx_word' id='word_1_224' title='bbox 359 4314 495 4377; x_wconf 88' lang='lat' dir='ltr'>redeunt.</span> <span class='ocrx_word' id='word_1_225' title='bbox 522 4314 590 4375; x_wconf 83' lang='lat' dir='ltr'>vide</span> <span class='ocrx_word' id='word_1_226' title='bbox 611 4315 718 4376; x_wconf 84' lang='lat' dir='ltr'>lexica.</span> 
     </span>
    </p>
   </div>
   <div class='ocr_carea' id='block_1_10' title="bbox 167 4391 1275 4548">
    <p class='ocr_par' dir='ltr' id='par_1_17' title="bbox 167 4391 1275 4548">
     <span class='ocr_line' id='line_1_32' title="bbox 167 4391 1275 4470; baseline 0.001 -20"><span class='ocrx_word' id='word_1_227' title='bbox 167 4391 232 4451; x_wconf 89' lang='grc'><strong>678.</strong></span> <span class='ocrx_word' id='word_1_228' title='bbox 273 4403 298 4452; x_wconf 84' lang='lat' dir='ltr'>te</span> <span class='ocrx_word' id='word_1_229' title='bbox 319 4394 482 4453; x_wconf 69' lang='lat' dir='ltr'>structoris</span> <span class='ocrx_word' id='word_1_230' title='bbox 502 4393 646 4468; x_wconf 83' lang='lat' dir='ltr'>Scaliger.</span> <span class='ocrx_word' id='word_1_231' title='bbox 678 4393 779 4470; x_wconf 88' lang='lat' dir='ltr'>possis</span> <span class='ocrx_word' id='word_1_232' title='bbox 801 4393 890 4454; x_wconf 89' lang='lat' dir='ltr'>etiam</span> <span class='ocrx_word' id='word_1_233' title='bbox 910 4393 1040 4454; x_wconf 86' lang='lat' dir='ltr'>scribere</span> <span class='ocrx_word' id='word_1_234' title='bbox 1060 4413 1104 4454; x_wconf 84' lang='lat' dir='ltr'>res</span> <span class='ocrx_word' id='word_1_235' title='bbox 1123 4395 1275 4455; x_wconf 80' lang='lat' dir='ltr'>abstuleris.</span> 
     </span>
     <span class='ocr_line' id='line_1_33' title="bbox 170 4470 616 4548; baseline 0.007 -19"><span class='ocrx_word' id='word_1_236' title='bbox 170 4471 234 4530; x_wconf 88' lang='grc'><strong>688.</strong></span> <span class='ocrx_word' id='word_1_237' title='bbox 278 4471 373 4548; x_wconf 82' lang='lat' dir='ltr'>Opera</span> <span class='ocrx_word' id='word_1_238' title='bbox 392 4470 485 4532; x_wconf 90' lang='lat' dir='ltr'>Ianus</span> <span class='ocrx_word' id='word_1_239' title='bbox 505 4471 616 4532; x_wconf 86' lang='lat' dir='ltr'>Densa.</span> 
     </span>
    </p>
   </div>
   <div class='ocr_carea' id='block_1_11' title="bbox 0 0 1618 5184">
    <p class='ocr_par' dir='ltr' id='par_1_18' title="bbox 0 0 1618 5184">
     <span class='ocr_line' id='line_1_34' title="bbox 0 0 1618 5184; baseline 0 0"><span class='ocrx_word' id='word_1_240' title='bbox 0 0 1618 5184; x_wconf 95' lang='lat' dir='ltr'> </span> 
     </span>
    </p>
   </div>
  </div>
 </body>
</html>
