3202 5180
666 395 695 446 11
779 429 782 436 .

183 567 220 626 ut
241 562 438 629 lurcharetnr
460 563 586 629 landum
611 570 642 631 et
664 566 821 651 carnaria,
845 565 954 634 furtim

183 671 312 750 partum
336 664 527 733 conficeret?

685 856 844 923 hostilibu’
873 865 986 924 contra

106 971 145 1029 50
186 962 310 1041 pestem
332 958 581 1044 perniciemque,
606 966 700 1026 catax
723 980 819 1044 quam
842 968 873 1027 et
895 961 1142 1029 Manliu’nobis

482 1146 537 1213 rix
559 1147 634 1214 vivo
658 1148 778 1214 homini
801 1169 840 1216 ac
863 1169 1114 1234 monogrammo.

631 1339 659 1406 si
680 1336 811 1404 natibus
832 1340 989 1407 natricem

182 1438 337 1523 inpressit
359 1459 504 1506 crassam
527 1447 559 1507 et
580 1441 754 1528 capitatam

530 1631 561 1694 in
585 1631 716 1714 bulgam
739 1636 909 1716 penetrare
930 1631 1069 1716 pilosam

107 1831 142 1888 ⁵5
256 1837 258 1842 ·
472 1838 533 1902 ego
556 1838 638 1903 qnae
660 1837 747 1883 nunc
767 1817 908 1884 Aemilio
926 1837 1009 1902 ,prae

184 1924 279 1984 canto
301 1924 398 2004 atque
421 1920 518 2003 exigo
541 1925 573 1986 et
595 1927 742 1988 excanto.

181 2126 269 2171 nunc
289 2129 407 2175 nornen
429 2097 656 2193 vitamque'ex
678 2109 812 2176 testibus
835 2110 905 2194 ipse
926 2109 1071 2192 rogando

183 2212 329 2299 exculpo.
352 2211 432 2278 haec
455 2211 571 2278 dicam.

67 2441 287 2461 ffl

150 2531 199 2589 49.
240 2529 358 2589 Nonius
378 2549 408 2606 p.
421 2533 468 2604 25,
485 2533 520 2590 19
541 2529 664 2592 “Catax
685 2530 792 2590 dicitur
813 2548 900 2608 quem
921 2549 998 2591 nunc
1013 2537 1158 2592 cononem
1171 2538 1287 2594 vocant.

70 2626 209 2687 Lucilius
231 2630 395 2700 satyrarum
409 2643 431 2680 ιι
453 2625 619 2686 ‘hostilibus
708 2625 830 2684 nobis'.'’
907 2626 994 2688 Idem
1014 2645 1042 2703 p.
1054 2629 1120 2698 218,
1135 2631 1172 2688 32
1193 2627 1288 2686 “Per-

70 2722 161 2781 nities
188 2720 307 2796 generis
334 2720 472 2780 feminini.
512 2720 645 2780 Lucilius
670 2725 835 2796 satyrarum
861 2720 910 2780 lib.
929 2740 950 2777 11
977 2720 1101 2797 ‘pestem
1120 2721 1288 2798 pernitiem·
1389 2799 1392 2804 Δ

71 2835 132 2895 que
221 2813 354 2899 cccccc'.''

153 2913 200 2970 51.
241 2909 358 2968 Nonius
378 2907 475 2986 p.3l,
497 2911 533 2969 14
566 2907 803 2983 “Monogrammi
834 2907 906 2966 dicti
935 2915 1002 2969 sunt
1030 2909 1164 2970 homines
1195 2911 1289 2970 macic

72 3011 235 3084 pertenues
258 3022 292 3062 ac
314 3003 478 3063 decolores.
499 3009 625 3064 tractum
645 3022 663 3062 a
683 3003 809 3079 pictura,
830 3020 906 3080 quae
927 3004 1007 3080 prius
1029 3021 1118 3082 quam
1138 2991 1303 3064 coloribus¹

73 3104 255 3178 corporatur
281 3099 384 3158 umbra
409 3098 537 3173 fingitur.
581 3098 714 3157 Lucilius
734 3097 784 3158 lib.
801 3117 823 3154 11
850 3097 910 3158 ‘vix
931 3100 998 3158 vivo
1019 3099 1094 3175 (ciac
1116 3099 1289 3177 Guelferby-

72 3194 177 3272 tanus)
201 3241 208 3254 .
221 3241 226 3254 .
239 3242 244 3254 .
266 3195 506 3269 monogrammo’.
532 3239 539 3253 .
552 3239 558 3252 .
570 3177 595 3252 ‘J'

153 3293 200 3370 52.
241 3289 358 3348 Nonius
384 3306 413 3365 p.
427 3290 477 3357 65,
498 3289 535 3346 29
567 3285 726 3346 “Natrices
758 3287 894 3347 dicuntur
924 3287 1037 3365 angues
1067 3293 1214 3348 natantes.

74 3386 211 3446 Lucilius
234 3389 399 3444 saturarum
420 3382 470 3442 lib.
486 3401 507 3439 11
528 3380 564 3442 ‘si
651 3381 847 3456 capitatam’.”

155 3482 201 3539 54.
242 3479 359 3538 Nonius
379 3496 408 3555 p.
426 3476 490 3550 187,
513 3479 547 3535 18
574 3473 705 3550 “Vulga,
726 3476 878 3552 capacitas
900 3477 947 3534 vel
969 3476 1050 3534 sinus
1072 3493 1138 3536 cum
1157 3477 1291 3536 laxitate.

78 3575 215 3635 Lucilius
237 3573 288 3632 lib.
303 3591 324 3628 ιι
345 3572 384 3631 ‘in
403 3574 515 3649 culpam
534 3575 689 3647 penetrare
709 3569 852 3645 pilosam'.
875 3569 938 3630 ...’'

155 3673 202 3730 55.
243 3667 361 3727 Nonius
381 3685 410 3743 p.
424 3668 533 3738 102,9
565 3664 755 3725 “Excantare
783 3663 932 3739 siguificat
956 3665 1123 3725 excludere.
1165 3665 1292 3724 Plautus

76 3762 282 3825 Bacchidibus
303 3761 390 3836 ‘nam,
411 3759 511 3832 credo,
533 3759 625 3820 cuivis
647 3766 807 3818 excantare
828 3776 879 3817 cor
899 3760 1017 3837 potest'.
1058 3757 1190 3818 Lucilius
1213 3766 1291 3834 saty-

77 3877 177 3920 rarum
201 3858 252 3916 lib.
267 3876 288 3914 ιι
314 3855 405 3916 ‘cusu
431 3872 491 3913 reo
517 3872 593 3914 nunc
682 3852 828 3912 excanto'.
869 3851 966 3912 Varro
992 3852 1207 3914 Eumenidibus
1234 3849 1293 3910 ‘ubi

78 3953 182 4012 rident
203 3969 234 4009 se
256 3950 405 4010 cantando
427 3966 539 4009 exara
560 3954 719 4010 excantare
741 3966 800 4007 non
820 3964 921 4024 posse,
942 3947 1076 4025 deripere
1090 3945 1268 4024 incipiunt'.”

157 4047 205 4107 57.
248 4044 365 4104 Nonius
386 4063 415 4120 p.
433 4045 501 4120 102,
523 4044 560 4101 20
591 4041 780 4119 “Exculpere
806 4047 852 4100 est
877 4047 1131 4119 extorquere.
1161 4037 1293 4098 Lucilius

78 4149 246 4219 satyrarum
265 4139 317 4199 lib.
332 4160 354 4197 11
376 4139 463 4197 ‘nune
484 4154 591 4197 nomen
612 4155 731 4197 rancun
823 4134 954 4195 dicam’.”
998 4159 1002 4168 ·

78 4325 119 4385 ibi
137 4321 277 4396 Scaliger
299 4319 415 4378 Lucilio
439 4321 571 4377 arcticum
591 4308 801 4396 φυλακτήριον
821 4316 868 4375 vel
888 4306 1119 4392 προβασκάνιον
1139 4327 1206 4371 esse
1226 4327 1295 4370 ccu-

79 4401 186 4471 tendit,
205 4400 345 4474 idemque
366 4396 469 4456 scribit
488 4397 663 4472 subrectoquc
683 4398 770 4471 aipac.

157 4475 205 4540 47.
239 4478 342 4554 furtim
362 4473 530 4536 Turnebus.
