3202 5180
305 381 324 451 8
647 395 660 424 ι
889 379 918 428 11

709 545 804 612 homo
827 547 993 632 inpuratus
1016 552 1048 613 et
1069 546 1163 632 inpos

341 667 376 726 66
415 653 477 719 iste
499 651 674 735 rapinator.

415 846 481 907 tum
505 838 613 926 [facto]
638 839 746 904 omnia
768 859 838 904 sum
861 839 978 904 circum
1000 839 1094 904 latus.

415 1026 492 1110 quid
515 1025 621 1091 diois?
644 1046 700 1092 cur
723 1032 771 1091 est
794 1026 913 1090 factum
937 1026 1023 1110 quod
1047 1026 1144 1092 coicis
1166 1028 1271 1093 istuc?

413 1217 597 1301 impuratum
618 1213 702 1280 hunc
723 1215 757 1280 in
780 1214 888 1281 fauces
910 1215 1040 1281 invasse
1062 1215 1268 1298 animamque

414 1320 540 1386 elisisse
559 1318 616 1384 illi.

343 1519 376 1577 65
598 1564 601 1570 .
783 1508 939 1591 lustratu’,
963 1507 1079 1592 piatus,

417 1693 585 1782 [hyodyty]
610 1696 714 1764 aurati
740 1692 972 1784 [ciceetoracia]
997 1697 1112 1762 mitrae

417 1903 502 1949 nunc
523 1886 653 1968 praetor
675 1887 748 1948 tuus
771 1887 828 1967 est,
853 1883 932 1948 meu’
957 1883 984 1948 si
1008 1882 1193 1955 discesserit
1214 1881 1316 1952 ho'rno

415 1986 555 2069 gentilis.

390 2256 436 2312 59.
477 2253 594 2312 Nonius
621 2272 649 2328 p.
667 2254 737 2324 129,
758 2255 794 2310 28
826 2250 982 2329 “Inpuno,
1013 2251 1093 2329 quod
1119 2259 1166 2311 est
1190 2251 1345 2328 inpudens.
1388 2252 1525 2312 Lucilius

313 2348 360 2407 lib.
380 2367 401 2402 n
428 2345 525 2408 ‘homo
550 2343 704 2425 inpuratus
731 2355 762 2406 et
781 2365 895 2404 rnruno
916 2366 972 2404 nsr
993 2347 1147 2424 rapistcr’.’'
1246 2346 1331 2406 Idem
1352 2365 1381 2424 p.
1399 2346 1466 2419 161,
1488 2352 1526 2408 22

316 2439 537 2517 “Rapinatores
562 2460 618 2519 pro
645 2442 823 2518 raptoribus.
924 2441 1056 2500 Lucilius
1078 2442 1128 2500 lib.
1144 2460 1165 2497 rr
1191 2441 1287 2500 ‘homo
1312 2444 1467 2518 impudicus
1499 2450 1527 2501 et
1599 2465 1600 2534 1

312 2553 423 2592 rurunn
444 2555 500 2593 nsr
520 2536 707 2613 rapinator'.”

389 2634 435 2690 61.
475 2632 590 2690 Nonius
612 2650 640 2706 p.
654 2632 720 2702 261,
736 2633 772 2688 26
793 2629 1009 2688 “circumferre
1030 2631 1207 2710 estproprie
1221 2629 1357 2691 lustrare.
1389 2630 1525 2691 Lucilius

313 2732 478 2802 satyrarum
503 2726 554 2784 lib.
573 2745 593 2780 n
620 2725 690 2783 ‘tum
779 2744 857 2782 6666
882 2724 1088 2783 circumlatns'.
1130 2724 1254 2784 Plautus
1281 2726 1311 2783 in
1337 2726 1526 2802 Amlitryone

313 2820 402 2894 ‘iube
424 2822 510 2880 istam
541 2840 596 2898 pro
626 2821 735 2880 cerrita
764 2819 958 2879 circumferri.
1006 2819 1090 2896 Virg.
1111 2819 1161 2877 lib.
1178 2837 1209 2875 vr
1240 2818 1327 2877 ‘idem
1353 2825 1399 2879 ter
1425 2823 1526 2881 socios

314 2933 389 2993 pura
409 2916 587 2976 circumtulit
607 2915 721 2973 unda'.”

391 3013 436 3069 62.
478 3010 595 3069 Nonius
616 3029 643 3086 p.
659 3011 726 3083 268,
747 3013 764 3069 5
786 3009 949 3082 “Coicere,
969 3009 1075 3082 furari,
1097 3008 1220 3066 auferre.
1243 3006 1281 3083 (i)
1390 3009 1528 3070 Lucilius

312 3105 363 3163 lib.
378 3123 399 3160 11
421 3104 501 3180 ‘quid
523 3149 567 3162 ...
588 3104 699 3162 istuo'.”

390 3199 435 3256 63.
476 3195 591 3255 Nonius
621 3212 648 3273 p.
664 3199 735 3271 291,
756 3199 792 3256 30
823 3195 962 3255 “Elidem
993 3197 1081 3256 etiam
1110 3195 1266 3256 excludere
1297 3197 1454 3272 siguificat.

313 3290 446 3350 Lucilius
470 3295 634 3366 satyrarum
654 3291 703 3349 lib.
719 3311 740 3346 rr
761 3291 954 3348 ‘rnrunmruru
1042 3290 1117 3350 illi’.'’

390 3388 436 3444 65.
477 3384 593 3443 Nonius
614 3404 642 3461 p.
653 3387 720 3458 335,
736 3387 772 3444 14
793 3385 967 3458 τ’11661666
988 3387 1117 3462 expiare.
1206 3384 1339 3445 Lucilius
1361 3388 1530 3462 satyrarum

312 3480 363 3539 lib.
378 3499 400 3536 rr
420 3479 571 3537 ‘lustratus
592 3479 726 3555 piatus'.'’

391 3577 436 3632 66.
476 3574 591 3633 Nonius
613 3592 641 3648 p.
656 3575 722 3646 639,
742 3577 777 3632 21
801 3573 895 3632 “Rieu
913 3581 959 3633 est
979 3574 1059 3652 quod
1079 3593 1132 3633 nos
1154 3574 1302 3633 sudarium
1324 3573 1457 3632 dicimus.

215 3723 219 3731 .
314 3668 447 3726 Lucilius
465 3675 627 3743 satyrarum
642 3668 692 3726 lib.
707 3687 727 3724 rr
748 3666 905 3724 ‘nronrru
925 3669 1053 3747 (trodyty
1071 3668 1241 3746 Leidensis)
1264 3670 1357 3728 aurati
1379 3685 1533 3728 6166666-

314 3779 404 3819 66666
425 3762 561 3821 mitrae’.'’

392 3854 437 3915 61.
479 3858 615 3916 Donatus
644 3856 681 3913 ad
707 3854 839 3915 Terentii
866 3857 1010 3916 Andriam
1029 3879 1058 3933 v,
1079 3862 1096 3917 6
1120 3877 1149 3933 p.
1166 3859 1202 3917 94
1234 3855 1338 3916 “Tuus
1371 3862 1417 3915 est
1448 3875 1533 3918 nnnc

316 3949 468 4010 Chremes.
503 3949 635 4009 Lucilius
656 3951 684 4008 in
706 3950 837 4008 secundo
858 3953 899 4026 (in
918 3956 1029 4027 septimo
1050 3954 1106 4011 Ms.
1121 3949 1349 4028 lindenbrogii)
1370 3949 1457 4009 ‘nunc
1481 3999 1533 4012 ...

314 4046 407 4105 horno
428 4045 547 4121 gentilis
569 4045 648 4121 (oiim
668 4045 804 4121 impressi
824 4046 903 4102 domo
920 4045 1062 4123 qcotili)'.”

393 4229 439 4286 59.
480 4224 595 4285 Nouius
618 4223 733 4284 ridetur
754 4226 913 4301 scripsisse
934 4228 1049 4302 lupono,
1069 4228 1119 4285 lice
1140 4228 1216 4303 quod
1235 4236 1273 4284 est
1291 4229 1424 4302 inpotem.

392 4305 438 4362 61.
482 4305 623 4362 Fortasse
649 4304 717 4361 Tam
729 4306 806 4380 sonu
827 4307 1005 4362 omniorum.

393 4383 438 4438 63.
478 4383 654 4456 impuratum
674 4383 831 4439 Merueras.
1144 4423 1150 4434 .

393 4458 438 4519 66.
480 4456 633 4517 Bdckhius
654 4452 815 4527 ὗσκλωτοί,
838 4458 890 4537 qui
911 4464 979 4518 sunt
999 4458 1092 4517 calcei
1112 4456 1279 4530 obstrigilli.
