3202 5180
328 371 349 435 2
926 371 940 422 Ι
983 361 991 372 ’

252 623 254 630 Α
352 611 357 618 ,
384 557 400 614 5
440 541 557 609 vellem
579 540 715 606 concilio
737 545 888 626 vestrum,
911 540 1000 625 quod
1021 540 1127 608 dicitis
1150 542 1237 626 olim,

436 646 610 712 caelicolae
634 694 810 713 ............
834 643 1040 715 adfuissemu’
1064 643 1171 729 priore
1238 628 1240 638 .

437 749 581 814 concilio.

439 940 501 1003 quo
525 920 680 1006 populum
703 920 808 1003 adque
831 919 941 985 urbem
965 883 1059 1004 pacto
1081 939 1212 986 servare
1233 919 1369 1005 petisset

436 1024 565 1108 ampliu’
590 1025 779 1089 Romanam.

370 1207 401 1266 n
442 1195 470 1260 si
493 1215 557 1260 nou
580 1195 728 1280 amplius¹
752 1193 795 1260 ad
817 1195 950 1260 lustrum
972 1194 1033 1260 hoc
1053 1187 1240 1280 p'rotoileret
1261 1215 1359 1261 unum

374 1367 394 1408 *
439 1365 483 1431 ‘ut
504 1387 598 1433 nemo
623 1367 665 1433 sit
687 1375 830 1434 nostrum
852 1367 929 1451 quin
951 1373 1043 1452 pater
1066 1367 1193 1452 optimu’
1220 1367 1328 1434 divum

440 1474 496 1533 aut
511 1471 671 1555 Neptuuu’
695 1476 796 1555 pater,
819 1469 924 1555 Liber,
948 1469 1097 1535 Saturnu’
1121 1475 1221 1555 pater,
1244 1469 1340 1553 Mare,

368 1628 373 1636 .
438 1572 538 1656 Iauu’,
562 1571 704 1652 Quirinu’
729 1579 820 1657 pater
842 1593 960 1638 nomeu
981 1573 1107 1638 dicatur
1129 1573 1173 1639 ad
1195 1592 1293 1637 unum
1366 1636 1375 1644 „

374 1741 393 1783 *
594 1763 653 1810 nec
676 1744 703 1810 si
726 1743 916 1810 Carneaden
937 1744 1043 1828 ipsum
1066 1743 1164 1810 Creu*
1182 1743 1333 1809 remittat.

372 1929 401 1986 1⁵
753 1916 886 2002 pulcher
943 1987 945 1992 ,

332 2176 474 2251 cuticula,
500 2175 553 2234 sed
582 2177 641 2243 (sed
666 2177 724 2246 all)
752 2172 831 2250 apud
858 2171 1003 2231 Lucilium
1030 2171 1098 2230 ‘vau
1119 2173 1251 2233 concilio
1274 2173 1449 2252 ..priore
1473 2192 1541 2232 cou-

332 2269 435 2331 eilio'.”

408 2370 434 2424 8.
475 2364 629 2441 interpres
657 2362 840 2422 Veronensis
865 2361 1019 2420 Aeneidos
1040 2381 1098 2437 xri,
1125 2363 1180 2422 680
1214 2361 1241 2421 “.
1263 2361 1378 2439 ..ique
1405 2360 1543 2439 amplius,

331 2458 364 2517 id
380 2465 427 2518 est
441 2458 559 2533 diutius,
581 2458 708 2517 ulterius.
739 2456 833 2514 Lucil.
849 2455 918 2532 ‘quo
939 2456 1080 2533 populum
1154 2467 1256 2531 pactos
1276 2475 1394 2516 servare
1415 2459 1543 2534 petisset

332 2553 489 2631 ..plius''
595 2551 750 2611 Charisius
771 2569 800 2628 p.
821 2555 875 2611 176
901 2550 1069 2626 “Amplius
1091 2550 1225 2609 Lucilius
1255 2557 1420 2611 saturarum
1441 2573 1451 2609 1
1473 2552 1542 2629 'quo

325 2659 441 2725 pactam
460 2647 602 2724 populum
622 2650 711 2722 atque
732 2647 833 2705 urbem
856 2662 974 2704 servare
990 2649 1103 2720 polleat
1123 2645 1249 2722 amplius
1269 2645 1458 2707 romanam’.''

409 2747 453 2802 10.
493 2742 608 2801 Nonius
629 2760 658 2820 p.
671 2743 735 2815 159,
750 2743 786 2800 22
807 2738 995 2798 “Protollere
1012 2746 1058 2798 est
1072 2739 1198 2799 differre.
1230 2739 1362 2800 Lucilius
1378 2747 1543 2816 satyrarum

331 2838 407 2896 lib.1
429 2836 465 2896 ‘si
553 2835 592 2894 ad
612 2853 749 2893 iusraun
836 2833 959 2894 uuum’.'’

409 2935 453 2991 11.
494 2931 671 2992 Lactantius
696 2931 787 2993 instit.
803 2949 843 3005 iv,
861 2931 888 3004 3,
910 2931 945 2992 12
966 2927 1094 3004 “Itaque
1116 2935 1146 2986 et
1160 2929 1297 3006 Iuppiter
1317 2929 1543 3005 aprecautibus

330 3031 417 3103 pater
431 3032 553 3085 vocetur
564 3035 594 3084 et
609 3024 754 3085 Saturnus
770 3023 901 3083 elianus
917 3030 946 3082 et
956 3022 1048 3081 Liber
1062 3029 1092 3080 ct
1107 3022 1197 3081 ceteri
1211 3022 1362 3098 deinceps,
1384 3022 1465 3098 quod
1482 3023 1544 3082 Lu·

331 3119 415 3178 cilius
429 3120 459 3178 iu
475 3119 595 3178 deorum
611 3120 735 3178 concilio
750 3116 866 3176 irridet:
888 3117 930 3177 ‘ut
944 3135 1029 3176 uerno
1044 3117 1083 3176 sit
1094 3122 1226 3174 nostrum
1238 3116 1307 3192 quin
1318 3123 1404 3192 pater
1414 3119 1543 3193 optimus

331 3214 427 3274 divum
449 3221 500 3274 aut
519 3215 676 3291 Neptunus
766 3213 905 3286 Quirinus
926 3219 1012 3288 pater
1032 3228 1137 3269 nornen
1161 3209 1280 3270 dicatu?
1297 3211 1336 3268 ad
1356 3211 1480 3269 unum'.''

409 3313 455 3370 14.
496 3309 673 3370 Lactantius
699 3308 791 3367 instit.
811 3327 845 3382 v,
869 3310 917 3382 14,
943 3309 961 3364 3
989 3305 1200 3380 “Carneades,
1226 3305 1414 3363 academicae
1442 3311 1544 3364 sectae

330 3403 535 3481 philosophus,
557 3405 638 3463 cuius
659 3404 689 3461 in
711 3399 885 3462 disserendo
900 3417 976 3476 quae
991 3400 1034 3459 vis
1051 3399 1147 3470 fuerit,
1169 3415 1244 3475 quae
1261 3397 1440 3475 eloquentie,
1462 3399 1544 3473 quod

330 3516 469 3573 acumen,
497 3500 546 3575 qui
567 3499 663 3557 nescit
682 3496 793 3572 ipsum,
817 3513 855 3554 ex
875 3491 1097 3570 praedicatione
1121 3494 1276 3554 Ciceronis
1298 3493 1466 3568 intelleget,
1493 3499 1546 3552 aut

329 3593 446 3668 Lucilii,
468 3593 547 3668 apud
568 3611 656 3669 quem
676 3591 827 3650 disserens
847 3589 1005 3665 Neptunus
1027 3589 1064 3646 de
1084 3606 1116 3648 re
1138 3575 1312 3648 difficillima
1333 3585 1464 3646 ostendit
1483 3605 1545 3644 nou

329 3703 419 3762 posse
439 3687 471 3744 id
491 3686 643 3762 explicari,
665 3684 729 3743 ‘nce
750 3685 774 3743 si
862 3683 1027 3743 remittat'.''

408 3784 452 3840 15.
492 3779 612 3840 Servius
645 3779 684 3838 ad
715 3779 868 3838 Aeneidos
890 3797 937 3852 111,
965 3779 1019 3836 119
1046 3776 1108 3837 “nt
1133 3777 1253 3854 quidem
1281 3776 1405 3853 pulcher
1429 3777 1546 3851 Apollo

329 3873 481 3952 epitheton
507 3873 608 3932 datum
634 3873 770 3948 Apollini
801 3871 1034 3949 reprehendunt:
1075 3872 1215 3948 pulchros
1247 3872 1322 3929 enim
1349 3889 1367 3929 a
1394 3871 1545 3930 veteribus

330 3969 479 4028 exsoletos
502 3966 606 4026 dictos.
628 3983 695 4024 nem
715 3972 746 4024 et
766 3965 847 4041 apud
862 3966 1010 4024 Lucilium
1024 3967 1135 4042 Apollo
1155 3965 1279 4042 pulcher
1300 3965 1358 4023 dici
1378 3983 1436 4022 uon
1455 3965 1545 4024 vult.'’

406 4135 433 4191 5.
481 4131 584 4190 Vellera
605 4131 720 4188 concillo
744 4128 836 4188 Ianus
856 4129 969 4190 Dousu.
1003 4130 1081 4189 idem
1103 4131 1272 4200 Caelicolae,
1292 4130 1400 4198 uellem,
1419 4130 1545 4202 taquam,

330 4207 519 4283 aaffaolseema’
536 4212 641 4286 priore.
676 4206 773 4264 malim
799 4209 874 4283 qaod
894 4209 984 4266 dicitis
1004 4211 1083 4279 ollae,
1109 4208 1277 4279 Caelicolae,
1297 4211 1422 4283 factam,
1448 4207 1545 4264 vellera

328 4285 505 4361 adfuissema'
520 4291 619 4361 priore
642 4285 772 4344 Concilio.

387 4365 433 4422 10.
474 4364 586 4442 laudaro
606 4360 712 4422 Aldus.

389 4440 434 4503 13.
476 4439 568 4500 lenus
590 4440 697 4498 Dousa
718 4457 808 4503 omnes
829 4441 954 4498 dicamur
974 4439 1014 4496 ad
1032 4457 1122 4500 anana.
