3204 5184
308 377 350 443 38
901 385 928 433 X

326 555 392 615 ³³1e
922 552 956 616 in
976 555 1162 637 praeposito
1185 573 1243 639 per

415 653 619 740 pelliciendo,
642 656 704 721 hoc
728 661 776 721 001
797 657 831 721 10
854 654 1011 739 ducendo,
1035 656 1197 739 geminato
1221 657 1241 722 l.

330 828 396 888 tbdf
423 824 490 886 “Ae
512 829 668 905 syllabam,
691 826 774 886 cuius
796 826 957 887 secundam
980 843 1056 886 nuuc
1076 844 1092 886 e
1112 826 1240 886 litteram
1268 830 1419 904 ponimus,
1444 832 1518 890 uarie

417 943 472 1003 per
492 942 510 982 0
530 930 560 983 01
579 922 589 980 1
609 921 787 998 efferebant,
813 921 933 999 quidam
954 915 1069 998 semper
1088 926 1121 979 ut
1142 919 1261 990 Graeci,
1283 923 1403 1000 quidam
1423 924 1518 1000 singu·

417 1018 519 1079 lariter
539 1023 661 1092 tautum,
682 1033 748 1076 cum
768 1016 798 1075 iu
819 1015 948 1074 dativum
970 1015 1016 1073 rel
1036 1013 1196 1089 genitivum
1219 1032 1320 1075 casum
1338 1017 1518 1093 incidissent,

418 1111 496 1172 unde
529 1112 621 1188 pictai
650 1109 742 1170 vestis
773 1116 803 1170 et
832 1109 912 1170 aulai
940 1107 1085 1184 Virgilius
1116 1109 1333 1171 amantissimus
1365 1114 1518 1173 vetustatis

419 1206 597 1266 carminibus
623 1204 756 1264 inseruit.
802 1202 832 1262 in
857 1202 961 1263 iisdem
986 1203 1094 1280 plurali
1117 1222 1238 1264 numero
1258 1223 1274 1265 a
1295 1206 1469 1283 utebantur,
1493 1207 1520 1266 hi

414 1300 514 1378 Syllae
530 1299 656 1360 Galbae.
677 1298 766 1359 estin
779 1296 835 1358 hac
856 1313 973 1374 quoque
994 1303 1078 1373 parte
1092 1296 1202 1358 Lucilii
1220 1308 1423 1377 praeceptum,
1445 1301 1520 1378 quod

414 1395 484 1474 quia
509 1393 643 1472 pluribus
670 1393 836 1470 explicatur
855 1391 1006 1459 versibus,
1034 1390 1058 1450 01
1086 1392 1152 1468 quis
1177 1411 1281 1470 parum
1307 1393 1423 1470 credet,
1444 1395 1521 1471 apud

418 1491 515 1566 ipsum
536 1488 565 1547 iu
585 1503 663 1547 nouo
683 1488 841 1564 requirat.”
875 1485 1074 1561 Quintilianus
1096 1486 1186 1546 instit.
1201 1485 1262 1564 r,'l,
1280 1490 1324 1548 19.
1424 1487 1520 1548 “Sori-

416 1585 512 1643 bimus
526 1599 580 1643 nos
595 1583 672 1642 enim
686 1599 835 1643 musarum
848 1582 970 1658 primam
986 1580 1131 1659 syllabam
1146 1580 1263 1642 duabus
1278 1582 1395 1658 litteris,
1415 1581 1521 1643 Graeci

414 1679 517 1737 tribus.
564 1676 696 1738 Lucilius
724 1678 754 1736 iu
781 1676 882 1736 dativo
909 1693 981 1736 casu
1006 1693 1024 1734 a
1051 1680 1081 1734 ct
1106 1692 1122 1734 a
1150 1676 1303 1752 coniungit
1329 1676 1431 1738 diceus
1458 1677 1521 1736 huic

417 1770 574 1832 Terentiae
596 1771 728 1833 Orbiliae
751 1770 894 1831 Luciuius
916 1789 935 1828 a
954 1769 1048 1829 etiet
1067 1767 1225 1830 Lucretius
1246 1769 1350 1830 crebro
1372 1776 1521 1831 01000100

415 1867 499 1925 Μο00
522 1866 604 1925 aurai
622 1866 742 1944 pictai.”
779 1864 944 1924 Martianus
968 1863 1095 1941 Capella
1114 1883 1158 1942 ru,
1172 1866 1238 1925 266.

898 2124 943 2208 Χ

335 2332 384 2390 331
422 2327 600 2409 langorque
622 2324 774 2408 obrepsit,
796 2324 910 2408 pigror
932 2313 1106 2408 torporque
1128 2324 1265 2407 quietus.

420 2494 568 2562 fluctibus
591 2515 611 2559 a
633 2494 802 2577 ventisque
824 2493 930 2560 aversi
953 2493 1085 2559 firmiter
1108 2494 1217 2561 issent.

391 2687 482 2744 3300.
522 2683 608 2742 Idem
627 2699 656 2759 p.
671 2678 746 2740 2221
768 2681 850 2740 “Per
870 2699 938 2740 vero
953 2683 1136 2760 praepositio
1150 2685 1286 2744 omnibus
1306 2683 1425 2756 integra
1438 2700 1521 2759 prac-

312 2779 445 2856 pouitur,
467 2778 522 2836 uisi
542 2793 608 2837 cum
628 2774 732 2835 incidit
751 2775 781 2833 in
799 2776 812 2834 1
832 2775 947 2836 literam
969 2776 1093 2835 adfinem
1114 2784 1336 2850 consonantem,
1357 2793 1446 2854 quam
1468 2779 1522 2835 010-

313 2873 459 2950 gautioris
481 2870 624 2931 sermonis
645 2869 699 2930 viri
721 2869 870 2948 geminare
900 2873 995 2947 magis
1016 2872 1170 2930 voluerunt
1193 2889 1281 2950 quam
1301 2889 1316 2931 r
1336 2872 1454 2930 literam
1476 2889 1522 2930 ex·

261 2959 265 2966 ’
312 2968 442 3044 primere
456 3013 463 3026 .
476 3012 482 3024 .
495 3013 502 3027 .
513 2983 568 3025 nec
583 2965 667 3024 aliter
683 2964 763 3042 apud
776 2964 924 3025 Lucilium
936 2965 1045 3042 legitur
1065 2965 1103 3024 ‘in
1116 2983 1361 3023 rnnurosrmouu
1375 2983 1434 3022 000
1448 2985 1468 3022 u
1482 2985 1521 3022 nr-

315 3079 441 3136 cmuuo,
453 3079 540 3121 0000
552 3065 598 3119 001
608 3061 770 3131 10100οι10,
782 3077 920 3118 summor
931 3060 959 3118 l!
983 3060 1120 3135 pellicere
1134 3061 1247 3119 malunt
1255 3078 1342 3137 quam
1353 3060 1523 3137 perlicere.”

393 3175 423 3214 x.
463 3153 538 3214 Vita
556 3153 654 3214 Persii
673 3172 703 3230 p.
718 3156 775 3215 238
796 3155 842 3215 ed.
864 3153 960 3215 Iahuii
981 3151 1063 3215 “Sed
1077 3171 1145 3213 mox
1160 3161 1192 3213 nt
1207 3172 1226 3214 a
1240 3153 1343 3214 schola
1357 3155 1521 3232 magistris·

315 3266 373 3328 que
397 3249 529 3324 divertit,
556 3249 633 3308 lecto
653 3248 729 3308 libro
750 3248 858 3308 Lucilii
878 3247 992 3307 decimo
1011 3247 1200 3307 vehementer
1218 3249 1325 3309 satiras
1346 3266 1523 3326 componere

312 3344 453 3403 instituit.
494 3343 575 3402 cuius
600 3341 667 3402 libri
693 3343 807 3403 initium
832 3343 961 3403 imitatus
988 3350 1048 3419 001,
1076 3343 1131 3403 0111
1156 3343 1266 3419 primo,
1292 3359 1360 3402 mox
1388 3345 1522 3404 omuibus

314 3439 505 3499 detracturus
521 3456 585 3497 eum
598 3443 681 3498 tanta
694 3437 853 3498 recentium
875 3445 1028 3516 poetarum
1049 3443 1079 3497 et
1098 3442 1246 3496 oratorum
1265 3436 1477 3514 insectatione,
1496 3445 1525 3496 ut

220 3569 223 3578 ·
313 3531 402 3590 etiam
422 3531 582 3607 Neronem,
603 3532 765 3611 principem
785 3532 864 3590 illins
885 3533 1036 3609 temporis,
1057 3531 1246 3608 culpaverit.”

389 3627 455 3684 331.
497 3625 614 3685 Nouius
634 3645 663 3702 p.
678 3629 744 3703 219,
761 3630 797 3686 10
818 3625 948 3704 “Pigror
968 3626 1085 3701 generis
1106 3625 1280 3686 masculini.
1320 3625 1522 3707 1001110000-

312 3723 441 3794 tyrarum
460 3719 510 3777 lib.
524 3735 544 3776 x
564 3719 679 3797 ‘langor
693 3739 909 3781 ouuussrruuu
974 3720 1090 3798 quietus
1105 3719 1147 3797 (in
1162 3719 1397 3796 Guelferbytauo
1412 3721 1522 3782 lactum

311 3811 445 3871 radendo
466 3815 571 3890 quietio,
592 3814 691 3891 itaque
712 3814 918 3893 Leideusis)'.''

391 3908 456 3965 332.
498 3907 614 3966 Nouius
635 3927 664 3984 p.
681 3910 797 3984 11218
818 3907 976 3969 “Firmiter
994 3928 1048 3987 pro
1069 3911 1169 3970 firme.
1199 3911 1332 3971 Lucilius
1354 3913 1523 3996 satyrarum

310 3999 362 4060 lib.
378 4019 399 4056 x
422 3999 569 4061 ‘fluctibus
598 4020 617 4060 a
642 4003 796 4079 ventisque
823 4002 1005 4082 (certantisque
1024 4003 1201 4064 Leideusis:
1234 4005 1265 4064 in
1289 4005 1524 4083 Guelferbytauo

311 4111 429 4171 quoque
450 4114 483 4152 ea
505 4098 666 4171 superscr.)
687 4115 812 4154 nvuasrs
832 4097 953 4158 firmiter
973 4097 1121 4158 nssnnr'.’'

388 4276 472 4334 3302.
515 4274 602 4338 Ocni.
624 4294 727 4337 comm.
747 4278 778 4335 iu
796 4276 886 4338 Luer,
907 4296 935 4353 p.
949 4278 1016 4337 409.

389 4352 454 4408 331.
494 4353 586 4414 Ιο000
604 4356 708 4416 Dousa
724 4355 861 4432 Laopaor
880 4359 904 4414 a'
924 4355 1092 4432 obrepsitqae
1105 4359 1214 4432 pipror.

387 4427 452 4489 332.
492 4432 523 4487 A
543 4431 680 4495 fluetibus
701 4432 858 4513 ventisque
879 4433 975 4492 aversi
995 4433 1140 4494 vitassent
1159 4450 1308 4496 nauseam.
