3202 5180
327 379 370 446 36
890 376 971 431 vrru

430 555 464 634 ut
488 541 599 635 puerei
621 535 729 635 plures
752 535 851 612 liant.
891 538 906 611 ¹i
929 535 956 611 si
980 547 1052 642 faci'
1076 547 1192 633 solum,

428 649 561 738 pupilli,
585 652 687 736 pueri,
711 651 833 735 Lucili',
856 651 917 716 hoe
938 649 1025 714 uniu'
1049 648 1126 716 fiet.

329 845 393 903 »520
432 836 580 904 mendaci
602 838 751 932 furique.
789 837 892 904 addes
916 830 945 922 e,
966 829 1037 903 uum
1059 837 1155 924 dato,
1180 838 1295 922 Furei,’

429 959 564 1007 russeus

431 1119 577 1193 ‘nonulli'
593 1128 712 1194 factum
736 1134 785 1194 est
807 1129 880 1212 uni’,
903 1135 998 1198 tenue
1021 1128 1082 1194 hoe
1104 1128 1204 1196 facies
1226 1129 1252 1193 i:

425 1230 515 1297 ‘haec
536 1231 604 1296 illei
627 1231 754 1315 fecere',
779 1229 864 1296 adde
887 1251 914 1316 e,
938 1238 972 1298 ut
993 1234 1138 1317 pinguiu'
1163 1231 1227 1298 lint.

346 1421 367 1462 *
432 1417 540 1483 meille
556 1417 728 1501 hominum,
744 1418 808 1482 duo
824 1419 955 1504 meillia,
979 1422 1054 1486 item
1069 1421 1143 1486 hnic
1157 1425 1291 1500 utroque
1308 1438 1400 1503 opus,
1424 1420 1523 1484 melles

343 1526 394 1585 025
432 1519 616 1585 meilitiam.
661 1527 771 1586 tenues
794 1521 805 1584 i
827 1520 925 1604 pilam
950 1543 1014 1605 qua
1035 1522 1167 1586 ludimu'
1192 1521 1290 1605 pilum

425 1642 488 1705 quo
509 1621 613 1706 pinso,
634 1628 745 1688 tenues
768 1623 799 1688 i.
839 1623 932 1707 plura
954 1624 1033 1689 haec
1056 1624 1162 1689 leceri'
1186 1624 1276 1706 pella

426 1743 509 1807 quae
531 1725 675 1810 iacimus,
699 1725 801 1792 addes
826 1744 844 1790 e
867 1726 954 1810 pella
974 1731 1010 1790 ut
1031 1725 1161 1810 plenius
1183 1725 1248 1792 fiat.

426 1911 560 1996 terrere,
586 1931 627 1978 an
650 1933 668 1978 e
690 1914 843 1997 longum.
889 1932 964 1979 vere
986 1907 1047 1978 lrou
1069 1912 1233 1980 lectoribu’
1257 1913 1395 1979 tradam.

318 2133 373 2196 per
392 2117 402 2174 i
421 2127 613 2200 notaremus.
652 2121 684 2174 et
702 2116 835 2176 Lucilius
862 2118 891 2175 iu
912 2136 946 2175 rx
971 2117 1039 2175 ‘iam
1064 2116 1166 2194 puerei
1190 2134 1296 2175 venere
1384 2122 1417 2177 ut
1437 2117 1524 2191 plara

311 2213 444 2286 sanant.
482 2209 491 2268 i
513 2209 538 2267 si
559 2208 632 2267 lacis
653 2211 756 2282 solum,
775 2212 891 2288 pupilli,
907 2217 990 2288 pueri
1009 2214 1059 2270 lroe
1080 2212 1163 2269 unius
1183 2211 1251 2269 fiet'.
1291 2212 1389 2268 item..
1403 2211 1435 2291 .''·

318 2304 470 2364 Charisius
491 2322 519 2380 p.
535 2305 572 2362 60
594 2301 643 2362 “et
662 2307 753 2380 paulo
774 2305 872 2382 post‘
876 2351 998 2366 .......
1014 2306 1097 2382 pueri
1117 2321 1208 2379 nucu,
1231 2304 1287 2364 hec
1308 2305 1394 2362 uuins
1415 2304 1497 2363 fiet’.’'

219 2391 221 2396 ’
310 2397 317 2410 ’
396 2400 461 2456 320.
504 2396 702 2470 Quintilianus
724 2400 815 2459 instit.
831 2419 852 2474 1,
867 2398 893 2474 l,
910 2403 944 2459 15
967 2399 1022 2458 “ac
1049 2399 1191 2475 deinceps
1217 2399 1295 2458 idem
1319 2398 1523 2459 mendaci...

319 2509 383 2550 cum
403 2486 488 2548 nunu
506 2509 596 2546 sunm
616 2491 772 2552 iusseris'.”

394 2586 460 2644 322.
500 2584 604 2643 Velius
632 2585 759 2662 Longus
782 2605 811 2662 p.
831 2588 908 2645 2220
934 2586 1027 2646 “item
1054 2585 1126 2644 ‘hoc
1151 2586 1192 2645 illi
1281 2587 1349 2646 fiat'.
1391 2585 1523 2663 idemque

319 2679 400 2756 peila
420 2679 482 2737 ...’'

395 2774 460 2831 324,
501 2771 658 2832 Terentius
681 2773 811 2834 Scaurus
833 2795 861 2851 p.
877 2777 954 2834 2255
980 2774 1120 2850 postilla
1141 2793 1217 2851 quae
1239 2773 1277 2834 ad
1296 2776 1352 2832 310
1375 2775 1524 2852 adscripta

318 2872 388 2926 snut
404 2867 500 2926 “Item
522 2867 601 2942 quod
614 2868 747 2927 Lucilius
769 2869 841 2935 ubil
858 2870 934 2926 exile
954 2875 1002 2926 est
1019 2885 1073 2944 per
1094 2885 1125 2926 se
1142 2870 1226 2929 iubet
1239 2869 1338 2942 scribi,
1355 2875 1387 2927 at
1402 2870 1452 2929 ubi
1467 2871 1523 2946 ple·

317 2978 386 3018 num
403 2953 449 3018 est
460 2962 701 3037 praeponendum
713 2981 780 3023 esse
792 2981 807 3021 5
820 2963 923 3036 credit,
938 2961 982 3018 his
999 2962 1133 3020 versibus
1149 2962 1253 3020 ‘meille
1265 2962 1397 3022 ...fiat'.”
1469 2965 1524 3022 Ve-

316 3054 372 3112 lius
394 3054 518 3130 Longus
539 3076 568 3132 p.
583 3059 657 3114 2221
680 3057 842 3134 “Idemque
864 3058 952 3134 pella,
974 3056 1080 3132 qnibns
1102 3056 1208 3114 milites
1229 3062 1358 3131 utuntur,
1379 3076 1435 3133 per
1449 3077 1465 3116 e
1479 3059 1526 3117 eti

319 3148 479 3207 scribenda
505 3151 662 3209 existimat.
690 3159 722 3211 at
743 3151 806 3227 pila
831 3151 859 3208 iu
881 3169 942 3228 qna
961 3152 1096 3227 pinsetur
1116 3167 1169 3226 per
1190 3150 1224 3208 i.''
1322 3152 1434 3209 Marius
1458 3152 1524 3210 Vic-

317 3244 430 3301 torinus
451 3262 480 3318 p.
496 3245 572 3302 2404
608 3243 725 3302 “Pilum
746 3245 829 3304 aiunt
850 3246 973 3304 militare
994 3252 1024 3308 et
1045 3246 1132 3304 vinea
1147 3289 1170 3302 ..
1185 3261 1256 3320 per
1276 3261 1292 3301 e
1313 3235 1344 3301 et
1362 3245 1372 3302 i
1393 3246 1523 3306 scriben·
1590 3261 1591 3264 ’

318 3336 367 3412 da,
389 3343 421 3395 at
440 3338 466 3396 si
485 3338 576 3414 pilum
599 3339 638 3397 sit
657 3356 715 3415 quc
734 3339 895 3415 pinsitores
917 3347 1038 3399 utuntur
1125 3355 1179 3414 per
1197 3338 1232 3398 i.”

393 3433 537 3492 328-330.
579 3431 695 3490 Nonius
717 3452 745 3510 p.
761 3437 826 3511 502,
841 3438 878 3495 32
897 3437 1016 3509 503,15
1038 3433 1160 3492 “Fervlt
1178 3449 1233 3507 pro
1247 3432 1359 3491 fervet.
1392 3433 1525 3493 Lucilius

314 3525 364 3584 lib.
378 3544 443 3583 vrnr
468 3525 566 3585 ‘servit
586 3544 663 3586 nunc
747 3531 872 3589 aunnm'.
969 3531 1006 3588 ab
1033 3546 1068 3585 eo
1096 3526 1177 3603 quod
1204 3531 1251 3585 est
1278 3526 1367 3586 fervit
1394 3528 1526 3588 breviato

315 3626 440 3680 accentu
456 3621 568 3680 fervere
583 3621 665 3694 facit,
680 3626 715 3681 ut
730 3641 838 3700 sperno
854 3640 1003 3700 spernere.
1072 3619 1205 3679 Lucilius
1221 3627 1385 3697 satyrarum
1399 3621 1449 3681 lib.
1462 3641 1525 3680 vrnr

316 3707 441 3774 ‘fervere
462 3734 503 3772 un
523 3716 644 3790 longum
669 3735 751 3774 vnno
771 3715 828 3775 hee
849 3733 1035 3774 nicronrnus
1056 3714 1245 3776 tradam’.”·
1325 3713 1527 3789 Quintilianus
1589 3738 1590 3759 r

314 3827 334 3885 1,
349 3811 407 3880 6,8
428 3808 491 3869 “At
515 3828 592 3886 qnae
614 3828 630 3869 ο
652 3810 748 3870 solam
773 3809 899 3883 habent,
926 3810 1085 3869 dnmmodo
1110 3827 1165 3886 per
1190 3808 1315 3868 eandem
1339 3809 1469 3870 litteram
1498 3811 1525 3868 in
1588 3839 1589 3862 r

314 3903 430 3964 infinito
452 3909 578 3980 exeant,
603 3904 813 3975 brumalium,
833 3904 901 3978 lego
927 3903 993 3962 dico
1022 3921 1122 3980 curro,
1149 3905 1249 3979 legere
1276 3902 1374 3961 dicere
1401 3921 1528 3975 currere,

315 3998 434 4058 etiarnsi
461 4005 507 4058 est
533 3998 612 4074 apud
633 3998 779 4057 Lucilium
801 3996 899 4055 ‘servit
918 4012 997 4072 aqna
1083 3997 1207 4056 annum!
1248 3995 1302 4056 sed
1327 4015 1403 4072 pace
1429 3999 1527 4058 dicere
1588 4009 1589 4068 j

313 4092 438 4154 hominis
464 4092 653 4153 eruditissimi
684 4093 788 4165 liceat,
815 4089 841 4148 si
859 4089 948 4149 lerrit
973 4096 1061 4166 putat
1085 4091 1126 4149 illi
1152 4092 1246 4152 simile
1272 4091 1363 4151 currit
1388 4098 1419 4152 et
1443 4092 1526 4168 legit,

390 4275 456 4332 310.
497 4274 592 4332 Lucili
611 4273 700 4331 lanus
722 4271 835 4328 Densa.

390 4350 588 4409 320.*(1551.
610 4367 714 4408 comm.
736 4348 765 4405 in
786 4347 875 4405 Lucr.
896 4364 925 4422 p.
940 4347 1006 4406 245.

395 4429 459 4487 328.
500 4428 645 4485 lectoribus
666 4424 839 4483 Palmerius.
958 4423 1087 4483 *Ocni
1109 4441 1212 4484 comm.
1234 4425 1262 4484 in
1286 4425 1376 4485 Lucr.
1396 4444 1425 4504 p.
1441 4424 1488 4486 19.
