3202 5180
905 387 933 436 Π

715 553 872 621 vulturius

901 796 943 878 ΙΙ

349 1026 385 1085 4⁰
577 1008 707 1075 fundam
731 1016 827 1094 atque
850 1010 992 1076 auditam
1014 1012 1191 1077 iterabimu’
1216 1010 1347 1078 sumam.

828 1187 862 1247 ut
883 1182 953 1248 iure
977 1182 1097 1268 peritus

422 1377 517 1442 quem
539 1355 572 1421 hi
595 1374 664 1419 oum
687 1353 854 1439 vidissent,
877 1354 1060 1420 Hortensiu'
1085 1356 1340 1440 Postumiusque,

424 1460 520 1525 ceteri
542 1459 627 1542 item,
651 1458 685 1522 iu
708 1457 822 1541 capulo
845 1455 929 1522 huno
950 1477 1015 1522 non
1039 1477 1111 1524 esse
1133 1458 1295 1541 aliumque
1317 1458 1448 1544 cubare,

424 1652 490 1698 non
514 1631 596 1697 dico.
621 1630 728 1695 vincet
749 1628 832 1712 licet,
857 1633 887 1692 ct
908 1647 1012 1713 rugus
1034 1632 1150 1713 exulet,
1174 1637 1257 1697 erret

352 1748 385 1808 45
422 1733 525 1801 exlex.

425 1925 500 1980 nam
524 1905 601 1990 quid
626 1904 765 1970 moetino
788 1904 996 1988 subiectoque
1018 1904 1090 1971 huic
1113 1906 1185 1991 opu'
1209 1899 1312 1992 signo,

320 2099 397 2165 sunt,
416 2099 449 2152 ut
470 2112 561 2171 supra
582 2094 715 2153 diximus.
743 2093 853 2152 Plinius
876 2091 1031 2153 Secundus
1051 2093 1160 2154 animal
1182 2111 1242 2174 non
1261 2094 1385 2153 animula
1406 2093 1449 2153 ait
1471 2093 1533 2154 dici

320 2189 453 2250 deberc.”

396 2287 441 2344 39.
485 2283 639 2344 Charisius
661 2302 690 2359 p.
705 2280 741 2342 75
762 2281 893 2340 “Vultur
916 2280 992 2340 dixit
1013 2281 1157 2359 Virgilius
1182 2282 1212 2340 iu
1232 2303 1273 2354 vr,
1298 2283 1352 2342 sed
1378 2288 1408 2342 et
1433 2282 1533 2342 vultu-

319 2381 378 2438 rius
399 2380 533 2440 Lucilius
554 2378 639 2438 in1.'’
1258 2404 1261 2409 ·

396 2477 443 2534 40.
483 2475 635 2549 Interprei
657 2472 840 2532 Veronensis
861 2471 988 2546 Vergilii
1008 2471 1047 2529 ud
1067 2472 1144 2531 Aen.
1155 2492 1185 2546 ιι,
1201 2475 1236 2531 81
1258 2471 1304 2530 “..
1327 2479 1357 2530 ct
1377 2473 1535 2532 Pacuvius

319 2570 349 2628 iu
374 2570 490 2628 Teucro
518 2569 645 2627 ‘Nihilne
668 2587 686 2626 a
713 2567 804 2625 Troia
829 2565 971 2642 adportat
989 2565 1109 2627 laudol’
1136 2565 1270 2624 Lucilius
1299 2566 1371 2624 inu
1397 2565 1536 2626 ‘fundam

321 2665 566 2724 ...iterabimus
591 2664 729 2741 f[omom'.
755 2667 849 2737 itaquo
872 2661 926 2736 bio]
957 2661 1090 2738 patiendi
1120 2661 1177 2720 vim
1203 2679 1261 2719 non
1285 2661 1395 2736 agendi
1425 2659 1537 2722 habet:

321 2777 412 2836 supra
440 2776 525 2833 vcro,
553 2757 628 2836 ‘quis
649 2758 721 2816 tolia
742 2755 833 2814 fando
854 2755 1090 2833 Myrmidonum',
1116 2755 1214 2815 activo
1235 2755 1322 2815 modo
1343 2757 1537 2817 enuntiavit.’'

399 2854 446 2911 4l.
487 2853 640 2912 Charisius
661 2870 691 2929 p.
709 2854 745 2910 62
767 2851 865 2909 “Iuris
887 2852 1038 2910 consultus
1060 2851 1118 2909 dici
1133 2851 1231 2925 debet,
1253 2870 1311 2909 non
1332 2852 1392 2909 inre
1414 2854 1537 2912 cousul-

320 2953 381 3019 tus;
406 2948 477 3006 licet
497 2947 602 3007 Cicero
623 2965 676 3025 pro
698 2947 821 3004 Murena
842 2947 884 3005 ita
904 2945 1026 3018 dixerit,
1050 2953 1079 3002 et
1099 2944 1232 3002 Lucilius
1253 2945 1383 3003 secundo
1405 2944 1449 3003 ‘ut
1469 2945 1537 3006 iure

319 3041 468 3116 peritus'.”

396 3137 443 3193 42.
483 3135 512 3194 N
516 3135 599 3194 onius
615 3153 643 3210 p.
655 3135 683 3207 4,
697 3137 728 3192 31
755 3132 924 3210 “Capulum
945 3133 1050 3190 dicitur
1070 3129 1211 3208 quicquid
1231 3130 1359 3208 aliquam
1377 3151 1438 3192 rem
1453 3134 1539 3194 intre

208 3299 211 3306 ,
323 3248 354 3289 se
376 3232 470 3306 capit:
505 3247 572 3286 nam
594 3228 799 3302 sarcofagum,
823 3227 855 3286 id
876 3234 922 3286 est
942 3226 1144 3304 sepulchrum,
1169 3228 1306 3303 capulum
1332 3227 1391 3285 dici
1415 3233 1537 3287 veteres

322 3325 433 3399 volunt,
455 3325 534 3402 quod
556 3341 682 3400 corpora
703 3321 810 3399 cupiat.
901 3323 1033 3382 Lucilius
1054 3327 1219 3381 saturarum
1240 3321 1290 3381 lib.
1306 3342 1328 3379 11
1350 3321 1447 3399 ‘quem
1467 3342 1538 3382 rum
1598 3349 1599 3366 ι

323 3438 386 3480 cnm
476 3419 619 3480 cubore'.’'

397 3516 444 3574 44.
484 3515 600 3574 Nonius
621 3533 650 3590 p.
668 3516 712 3587 10,
736 3514 770 3571 15
791 3511 878 3571 “Ilex
899 3519 929 3572 et
949 3513 1037 3572 exlex
1058 3514 1174 3588 estqui
1195 3514 1256 3571 sinc
1278 3514 1344 3588 lege
1366 3511 1447 3570 vivat
1467 3513 1538 3590 (im·
1598 3509 1599 3550 3

320 3611 417 3685 pressi
437 3612 509 3668 liter
529 3616 559 3669 et
577 3611 665 3684 uiuit).
753 3606 888 3666 Lucilius
910 3615 998 3683 satyr.
1019 3609 1069 3667 lib.
1087 3606 1197 3686 rrfnon
1287 3605 1408 3665 exlex'.''

397 3703 443 3761 46.
483 3703 599 3762 Nonius
620 3721 650 3777 p.
664 3704 708 3775 10,
722 3704 759 3759 32
781 3699 954 3760 “Lurcones
976 3702 1046 3762 dicti
1069 3707 1137 3760 sunt
1158 3720 1176 3760 a
1196 3700 1368 3759 lurchondo.
1395 3701 1539 3764 lurchare

322 3804 368 3856 est
387 3815 452 3856 cum
474 3797 614 3856 aviditate
636 3796 733 3854 cibum
755 3813 876 3859 sumere.
903 3797 1036 3856 Lucilius
1060 3803 1225 3855 saturarum
1246 3796 1312 3855 libr.
1326 3814 1347 3851 ιι
1368 3794 1445 3854 ‘narn
1460 3799 1540 3872 quid

389 3890 525 3949 carnaria
553 3907 668 3947 rnurrro
697 3908 800 3945 rnnunr
831 3890 1005 3950 conficeret’.
1055 3891 1238 3967 Pomponius
1267 3889 1347 3965 Syris
1378 3888 1539 3965 ‘lapatium

322 3986 430 4044 nullum
443 3985 851 4061 utebatur(oolloovescehotor
863 3985 916 4043 viri
927 3985 1029 4062 docti),
1040 3986 1155 4046 lardum
1166 3983 1455 4045 lurchabatlubeus’.
1477 3988 1538 4045 ...”

398 4166 443 4224 46.
484 4165 530 4223 De
551 4163 667 4222 Mutine
690 4163 746 4222 dco
767 4164 875 4223 Festus
897 4185 927 4242 p.
945 4166 1013 4242 154,
1035 4169 1052 4225 3
1074 4165 1173 4241 ibique
1196 4163 1249 4222 viri
1271 4161 1360 4221 docti.
1401 4167 1539 4225 mutinum

320 4260 376 4318 pro
398 4260 487 4319 verpo
508 4241 566 4300 dici
587 4257 623 4298 ex
645 4241 772 4316 Priapeo
795 4240 831 4300 74
856 4249 995 4318 apparet3
1030 4242 1111 4320 quod
1137 4259 1203 4300 cum
1230 4239 1411 4316 exemplaria
1430 4248 1539 4302 veteru

322 4319 365 4377 ita
385 4319 526 4394 scriptum
547 4317 691 4389 habeant,
715 4321 839 4377 Tusciam
854 4324 978 4395 pomarii
998 4323 1111 4398 diliquit
1131 4321 1238 4394 Priape
1252 4322 1357 4394 jacito,
1377 4317 1537 4380 Robriooto

315 4397 427 4471 juribus
451 4400 556 4453 minora
578 4399 704 4468 (rumora)
726 4400 842 4466 mulino,
871 4397 940 4455 mihi
966 4398 996 4455 in
1022 4398 1099 4456 hunc
1125 4396 1243 4455 modurn
1274 4394 1391 4453 videtur
1415 4396 1538 4456 restitui

322 4490 430 4549 posse,
460 4473 558 4530 Tutela
573 4478 689 4549 ponsari
715 4494 730 4532 o
751 4475 873 4551 Priapo,
898 4479 1002 4535 mulino
1025 4478 1129 4534 Minore
1142 4478 1234 4550 facito
1248 4473 1360 4548 furibus
1379 4472 1535 4536 rubricato.
