3204 5184
562 351 824 403 xxvi-xxvrrn
1255 353 1297 417 93

191 517 337 606 Hymnis‚
361 539 422 604 ego
446 520 588 588 animum
603 509 650 587 sic
664 521 792 606 induco,
816 522 903 606 quod
917 527 951 588 tu
966 522 1009 588 ab
1024 521 1139 588 insano
1155 499 1295 608 auferas,

191 725 329 811 Hymnis
351 725 422 794 sine
445 728 540 813 cugio
564 749 602 796 ac
625 727 761 796 destina.

190 952 277 999 nunc
297 932 408 1000 itidem
430 913 655 1020 populo'istuc
677 935 826 1019 scripturi
848 935 1007 1001 voluimus

192 1054 309 1119 capere
331 1036 472 1101 animum
495 1038 626 1104 illorum

96 1248 149 1306 855
194 1234 380 1328 ὥμοιριβὲς
403 1245 509 1310 oleum
532 1244 669 1311 Casinas

100 1447 122 1489 '¹‘
188 1447 311 1512 homini
333 1446 437 1513 amico
461 1468 499 1514 ac
522 1449 675 1515 familiari
697 1471 762 1516 non
784 1456 833 1516 est
855 1450 984 1516 mentiri
1007 1470 1123 1516 meum.

87 1655 121 1695 Α*
740 1655 823 1723 collo
847 1660 944 1742 caput
995 1687 999 1696 ·

191 1762 396 1842 sustentatur,
419 1764 549 1825 truncus
571 1760 745 1826 sustinetur
766 1759 1006 1826 coxendicibus.

159 2063 227 2120 851.
266 2059 382 2119 Nonius
403 2077 432 2136 p.
444 2059 541 2135 aaut
561 2058 739 2134 “Inducere,
760 2060 951 2137 persuadere.
977 2061 1112 2122 Lucilius
1132 2061 1183 2122 lib.
1199 2063 1308 2114 xxvlsl'

78 2155 208 2234 ‘hymnis
223 2154 437 2232 ..'..quod.run
458 2153 500 2232 (ta
514 2154 698 2214 Genevensis
720 2161 750 2214 et
765 2155 938 2233 Leidensis)
960 2159 999 2217 ab
1019 2157 1124 2216 insano
1144 2154 1297 2216 auferas'.’'

175 2247 293 2308 xxvur?

160 2252 227 2404 {aa
266 2251 384 2402 N)onius
405 2360 434 2421 p.
446 2347 510 2419 107,
523 2347 560 2403 31
583 2343 742 2420 “Euginm.
762 2345 861 2404 media
880 2363 951 2422 pars
972 2343 1049 2405 inter
1068 2348 1217 2406 naturalia
1236 2366 1297 2407 mn·

77 2440 196 2499 liebria.
224 2437 360 2498 Lucilius
380 2441 410 2496 ia
430 2439 524 2515 epodos
545 2437 668 2513 ‘hymnis
684 2438 878 2498 ...destina’.
905 2438 1053 2498 Laberius
1073 2441 1103 2500 in
1117 2441 1298 2502 centenario

79 2534 186 2612 ‘quare
208 2539 269 2594 tam
295 2531 419 2591 arduum
439 2530 606 2591 ascendas?
638 2550 676 2591 an
697 2533 865 2610 concupisti
885 2533 1004 2608 sugium
1026 2533 1212 2596 scinderel''’

80 2629 171 2689 Idem
191 2627 310 2686 Nonius
330 2633 359 2703 p.
368 2627 435 2702 490,
445 2628 483 2686 20
505 2625 675 2701 “Deliritas‚
697 2627 841 2688 deliratio.
867 2627 1014 2688 Laberius
1036 2629 1192 2707 ‘quaenam
1206 2649 1298 2708 mens,
1408 2679 1410 2683 ,
1457 2635 1459 2638 ’

79 2741 158 2800 quae
169 2722 303 2782 deliritas
315 2739 368 2781 vos
381 2721 571 2797 subpolitoris
583 2721 654 2782 facit
664 2739 729 2782 cum
741 2714 815 2782 cano
826 2723 913 2798 cugio
925 2724 1123 2800 puellitaril''’
1156 2727 1297 2801 (xxvnrl)

160 2818 226 2876 853.
266 2815 382 2875 Nonius
403 2834 432 2892 p.
447 2817 514 2888 253,
531 2817 566 2873 14
586 2813 737 2892 “Capere,
757 2816 916 2876 delectare.
999 2816 1133 2878 Lucilius
1154 2820 1205 2878 lib.
1223 2830 1302 2871 XXVI

80 2911 169 2970 ‘nnnc
185 2957 191 2970 .
206 2955 212 2967 .
225 2955 231 2968 .
242 2927 338 2968 rsrum
359 2927 579 2968 scnrrnoarnus
600 2910 743 2970 voluimus
760 2910 965 2972 ...illorum’.''
1044 2914 1130 2988 (xxvr
1141 2911 1166 2988 l)

161 3006 228 3064 855.
270 3004 443 3063 Priscianus
464 3007 559 3079 paca
580 3003 731 3065 “Naevius
752 3005 925 3065 neutraliter
942 3005 1001 3065 hoc
1019 3005 1152 3067 Samnite
1172 3008 1297 3084 protulit

79 3101 111 3158 in
132 3098 263 3160 carmine
282 3098 354 3158 belli
375 3098 490 3158 Punici.
522 3099 562 3159 ad
582 3100 664 3158 cuius
686 3097 907 3160 similitudinem
935 3099 1024 3161 debet
1049 3102 1137 3162 etiam
1157 3101 1214 3160 hoc
1236 3101 1297 3160 dite
1391 3178 1394 3186 Ι

81 3195 151 3254 dici.
174 3192 367 3254 ...Lucilius
389 3198 486 3252 tamen
506 3186 687 3268 ’ὠμοτριβὲς
708 3195 803 3253 oleum
826 3194 967 3258 Casinas'
985 3213 1040 3272 pro
1062 3195 1230 3256 Casinate.’'

159 3290 225 3368 856.
267 3286 447 3347 Lactantius
468 3288 560 3346 instit.
572 3305 611 3361 vr,
625 3289 699 3361 18‚6
721 3286 848 3364 “Itaque
869 3290 966 3350 uiator
985 3291 1035 3349 ille
1052 3308 1138 3350 verus
1153 3290 1296 3350 acinctus
1365 3329 1368 3336 =

81 3400 142 3442 non
162 3382 243 3442 dicet
261 3380 334 3440 illud
355 3381 543 3441 Lucilianum
565 3379 685 3439 ‘homini
700 3427 706 3440 .
719 3427 725 3440 .
737 3426 744 3441 .
756 3382 885 3442 meum'.''

166 3475 231 3538 857.
272 3475 388 3536 Nonius
410 3493 438 3552 p.
451 3476 497 3550 94,
509 3477 526 3534 5
548 3474 767 3549 ’Ὁοιιειιᾱίοιιε,
795 3494 888 3538 coxas
902 3477 1075 3552 (cocscndc'co
1087 3497 1157 3539 coac
1170 3478 1297 3538 Leiden-

80 3561 146 3648 sis).
171 3570 306 3631 Lu'cilins
329 3568 439 3643 ‘carun
461 3587 542 3627 cono
564 3568 621 3648 (sic
644 3570 849 3630 Basilecnses':
870 3583 956 3646 capot
974 3575 1045 3631 collo
1063 3572 1176 3650 priores
1193 3572 1296 3631 editio-

79 3666 149 3740 nes)
172 3673 335 3741 atemptatus
361 3663 536 3740 (custcntatcr
561 3663 688 3740 priores)
715 3671 836 3726 bencus
863 3665 1025 3726 sustinetur
1044 3685 1062 3723 n
1083 3667 1296 3728 coxendicibus

80 3759 114 3836 (a
136 3759 334 3819 cocscndicibcc
353 3757 590 3833 Basileenses)'.''
1230 3758 1231 3761 ’

78 3929 292 3944 m

162 4035 225 4094 851.
266 4033 368 4092 Malim
388 4035 516 4112 sipiano,
537 4053 584 4110 epo
605 4037 726 4093 animum
745 4036 797 4094 boc
815 4037 925 4095 induco.

164 4111 227 4171 857.
269 4111 451 4171 Emendavit
465 4111 656 4171 Godofredus
672 4111 862 4172 Hermannns
884 4114 915 4170 in
935 4113 1028 4188 praef.
1050 4113 1087 4172 ad
1103 4113 1205 4172 Plauti
1218 4113 1295 4171 Bac·

80 4185 187 4247 chides
207 4207 236 4260 p.
248 4207 276 4248 v.
301 4188 379 4247 idem
394 4189 519 4262 contulit
539 4207 616 4266 qnae
630 4189 766 4248 Isidorus
788 4191 861 4265 orig.
873 4209 915 4264 xx,
930 4193 954 4261 l,
969 4191 1007 4249 72
1027 4189 1117 4250 habct
1138 4189 1294 4249 “Truncus

78 4264 183 4324 media
198 4283 269 4342 pars
291 4266 426 4342 corporis
446 4285 464 4324 a
485 4266 562 4324 collo
585 4267 623 4324 ad
644 4266 774 4341 inguina.
809 4267 845 4325 de
866 4285 925 4345 qno
940 4267 1080 4342 Nigidius
1101 4266 1203 4343 ‘caput
1217 4267 1295 4326 collo

79 4341 215 4415 vehitur,
237 4349 359 4402 truncus
384 4344 544 4402 sustinetur
569 4345 652 4403 coxis
673 4350 703 4403 et
727 4344 852 4419 genibus
874 4344 1103 4420 cruribusque’.''
1140 4344 1229 4404 Conl.
1253 4346 1293 4403 M.

80 4419 226 4479 Hertaius
245 4419 281 4479 de
302 4420 426 4496 Nigidio
447 4439 476 4498 p.
491 4420 552 4480 43.
