3202 5180
302 403 335 444 Ἦ
822 392 986 428 scaccario

302 573 438 618 manuus
460 563 591 617 numero
615 573 679 616 non
701 570 778 615 vcro
800 546 963 630 insignitis
986 545 1131 612 versibus
1147 566 1257 612 verum
1273 564 1369 628 quem
1384 549 1515 628 putaret

302 705 474 790 adscripsit
496 711 551 770 aut
573 709 657 770 certe
680 702 832 768 traditum
847 721 958 768 verum
973 721 1038 766 non
1054 719 1126 766 esse
1141 698 1344 784 significavit,
1366 697 1511 781 reliquos

302 867 409 927 autem
434 862 481 927 ita
508 859 617 925 divisit
643 864 677 922 ut
704 855 935 942 dactylicarum
957 857 1042 941 parti
1064 856 1156 920 alteri
1180 854 1338 938 ‘r—xxv’,
1368 852 1462 918 alteri
1479 856 1512 918 et

302 1016 416 1080 maiori
448 1003 585 1097 quidcm'
609 1011 693 1097 parti
724 1010 874 1072 ‘1-«xxv.
895 1011 967 1072 xxx'
997 1007 1167 1092 adfigeret‚
1198 1008 1367 1076 trochaicis
1403 1013 1512 1074 autem

303 1175 335 1234 ct
361 1167 505 1238 iambicis
531 1186 589 1250 pro
615 1170 788 1230 metrorum
815 1184 938 1246 genere
970 1163 1022 1229 vel
1055 1161 1176 1250 ‘xxvuu
1197 1165 1283 1226 xxrx’
1312 1163 1513 1229 adscriberet

302 1322 354 1388 vel
382 1321 620 1402 ‘xxm—xxxid,
655 1320 797 1385 rationes
825 1319 947 1384 scilicet
973 1323 1100 1384 secutus
1130 1337 1201 1402 eas,
1232 1337 1312 1402 quas
1340 1318 1375 1382 in
1406 1317 1511 1383 altero

303 1477 428 1541 illorum
452 1475 616 1570 prooemio
640 1473 798 1558 exposuit,
822 1493 904 1557 quae
926 1494 1011 1538 nunc
1033 1491 1104 1537 cum
1127 1470 1240 1535 ceteris
1264 1471 1332 1536 eius
1349 1471 1525 1556 opusculis·

302 1632 336 1694 in
366 1627 520 1715 peculiari
553 1626 662 1690 libello
695 1625 791 1690 simul
822 1648 891 1692 oum
918 1628 1041 1720 Lucilio
1068 1625 1246 1710 prodeunte
1274 1625 1339 1714 legi
1366 1631 1511 1709 possunt.

302 1782 359 1846 His
382 1781 492 1863 igitur,
517 1798 600 1861 quae
623 1780 664 1844 ad
687 1782 885 1848 Lachmanni
907 1787 1044 1862 mentem
1068 1779 1295 1844 declarandam
1317 1784 1513 1845 momentum

303 1935 409 2000 facere
437 1939 585 2017 apparet,
621 1953 697 1998 usus
728 1955 797 1999 sum
827 1937 887 2019 ita,
919 1941 954 1999 ut
981 1931 1169 2016 fragmentis
1195 1931 1241 2000 ad
1267 1933 1350 1998 huuc
1381 1933 1512 1999 modum

302 2085 458 2152 ordinatis
474 2123 477 2133 ‹
491 2086 609 2151 indicia
636 2089 694 2152 illa
724 2089 832 2152 omnia
859 2088 940 2153 sicut
967 2087 1000 2150 iu
1032 2084 1158 2150 schedis
1187 2085 1388 2169 praescripta
1415 2095 1510 2152 crant

301 2243 429 2308 testium
451 2240 559 2305 verbis
582 2240 638 2305 sed
662 2242 753 2305 uncis
776 2242 901 2305 inclusa
923 2240 1136 2305 adnecterem.

387 2393 452 2460 Sed
475 2397 508 2459 in
531 2401 688 2460 certorum
711 2414 838 2478 quoque
868 2393 1021 2458 librorum
1053 2393 1241 2476 fragmentis
1264 2413 1285 2456 a
1312 2411 1348 2456 se
1376 2391 1512 2475 digestis

302 2550 459 2632 Hauptius
482 2552 638 2614 nonnulla
659 2554 715 2614 aut
736 2549 769 2612 iu
790 2544 937 2613 versibus
959 2550 1015 2610 aut
1036 2544 1226 2610 testimoniis
1250 2544 1352 2608 autin
1369 2546 1514 2642 utrisque

301 2700 508 2767 inchoaverat
529 2709 653 2769 tautum
676 2722 742 2768 non
757 2701 998 2787 perscripserat,
1023 2699 1091 2764 sive
1106 2663 1184 2782 quid
1198 2699 1269 2784 ipsc
1285 2697 1512 2762 Lachmaunus

301 2860 455 2924 incertum
471 2859 646 2940 reliquerat
661 2856 730 2920 sive
747 2855 858 2920 decrat
880 2853 1009 2918 omnino
1033 2852 1186 2918 schedula
1201 2851 1409 2936 Lachmanni‚
1433 2853 1512 2918 alibi

203 3013 206 3020 '
302 3012 391 3075 nulla
413 3012 520 3076 littera
543 3011 663 3092 scripta
684 3009 742 3074 scd
763 3007 867 3092 spatio
884 3025 986 3071 vacuo
1003 3005 1111 3069 relicto
1128 3004 1326 3086 significarat
1342 3025 1413 3072 esse
1428 3027 1514 3090 quae

302 3165 334 3228 in
357 3162 559 3229 retractando
582 3161 773 3245 apographo
797 3160 919 3225 addere
941 3159 1048 3223 vellet.
1090 3158 1179 3223 Haec
1201 3179 1263 3242 ego
1286 3141 1459 3245 perscripsi
1483 3154 1516 3225 et

303 3316 415 3380 addidi
443 3337 482 3381 ca
507 3315 580 3396 lege
613 3313 694 3378 nihil
730 3321 764 3379 ut
796 3315 867 3398 ipse
896 3311 1099 3377 emendarem
1131 3311 1189 3376 scd
1215 3317 1330 3396 poetae
1357 3312 1457 3378 verba
1483 3320 1517 3377 et

303 3469 582 3564 grammaticorum
606 3466 788 3532 testimonia
811 3465 856 3530 ita
878 3483 1030 3547 ponerem
1053 3472 1086 3529 ut
1109 3470 1183 3530 ante
1207 3464 1334 3546 vulgari
1358 3465 1514 3550 solebant,

303 3626 334 3685 et
355 3621 419 3685 illis
442 3621 571 3703 quidem
599 3619 791 3704 fragmentis
822 3637 904 3701 qnae
933 3619 1003 3683 sine
1026 3618 1223 3684 Lachmanni
1247 3615 1365 3681 scheda
1387 3615 1516 3681 inchoa-

302 3781 394 3841 verat
415 3780 524 3838 tameu
545 3773 718 3856 Hauptius,
749 3773 922 3838 asteriscos
945 3771 1100 3856 praefixi,
1129 3771 1243 3853 quibus
1272 3770 1378 3851 ipsum
1405 3768 1439 3834 in
1467 3768 1514 3834 eis

303 3949 386 4013 quae
408 3947 428 3991 a
450 3947 485 3992 se
512 3925 624 3992 addita
651 3932 761 3992 esseut
782 3947 873 3992 usum
897 3925 1054 4010 viderem,
1085 3941 1267 4008 quaerero
1290 3941 1355 3985 non
1380 3921 1516 3987 ducente

304 4080 444 4164 Hauptio
468 4081 502 4145 in
527 4080 640 4164 spatiis
663 4081 704 4145 ab
728 4099 766 4144 eo
789 4080 910 4145 relictis
933 4079 1046 4161 adieci,
1071 4096 1110 4140 ca
1132 4081 1167 4140 ut
1184 4093 1256 4138 meo
1273 4074 1367 4140 unius
1381 4074 1516 4140 consilio

304 4233 440 4298 nitentia
457 4239 548 4298 extra
571 4251 721 4297 numeros
744 4252 894 4298 versuum
916 4232 1021 4315 posui,
1045 4229 1204 4295 nerninem
1228 4236 1263 4294 ut
1279 4228 1428 4313 decipere
1441 4247 1516 4313 pos-

305 4389 385 4448 sent.
430 4384 481 4449 Ad
515 4387 715 4470 eundemque
743 4384 872 4451 modum
908 4383 1053 4468 disposui
1082 4387 1113 4448 ct
1141 4383 1273 4449 exaravi
1303 4400 1343 4446 ea
1371 4400 1454 4466 quae
1483 4381 1517 4447 in
