3202 5180
881 375 962 428 VIIII

858 647 986 734 VIIII

424 868 650 935 frumentarius
672 873 730 951 est,
753 865 896 931 modium
918 865 970 930 hic
992 885 1100 932 secum
1123 868 1220 948 atque
1243 861 1394 929 rutellum

425 993 490 1038 una
512 971 615 1038 affert.

424 1144 626 1228 miscuitque,
650 1149 686 1207 ut
707 1143 735 1208 si
760 1142 954 1209 frumentum
978 1142 1115 1208 clunibu'
1140 1145 1271 1207 vannat.

334 1322 387 1381 ltu
426 1314 501 1381 inde
524 1320 708 1401 paractatoc
733 1321 764 1380 ct
787 1305 975 1400 chlamydes
998 1334 1037 1380 ac
1059 1314 1198 1380 barbula
1218 1312 1331 1398 prima.

425 1489 499 1554 hino
521 1489 649 1572 ancilia,
674 1488 797 1552 abhoc
820 1486 928 1571 apices
952 1463 1151 1572 cupidasque
1173 1490 1326 1570 reportas,
1427 1503 1431 1514 ·

426 1661 557 1745 praesul
580 1667 615 1725 ut
636 1664 795 1744 amptruet
817 1658 902 1743 inde,
925 1663 961 1724 ut
982 1658 1091 1743 vulgu'
1114 1657 1334 1743 redamptruet
1356 1656 1441 1726 iude.

396 1898 461 1960 att.
501 1900 617 1960 Nonius
643 1920 673 1978 p.
691 1901 734 1974 18,
749 1901 786 1957 22
806 1897 953 1958 “ltutvnm
975 1898 1084 1958 dictum
1110 1906 1156 1959 est
1182 1917 1200 1956 a
1219 1897 1353 1958 radendo
1375 1897 1406 1974 (o
1424 1898 1525 1956 raatdo

317 1995 489 2071 Merccrus).
512 2043 517 2056 .
531 2045 536 2056 .
551 2043 557 2056 .
571 1996 667 2056 Lucil.
680 2001 734 2055 sat.
749 1995 800 2054 liu.
812 2013 877 2051 vnn
895 1992 953 2071 (uo.
964 2007 1036 2048 11111
1049 1995 1118 2053 olim
1132 1992 1270 2069 impressi
1287 1999 1317 2052 et
1331 1991 1447 2068 Iunius)
1460 1989 1525 2051 ‘fru-

318 2091 478 2150 mentarius
538 2136 544 2149 .
559 2098 648 2168 atque
675 2089 853 2148 arrotellum
875 2086 970 2166 (atquc
994 2091 1121 2148 rotellum
1141 2086 1290 2165 impressi)
1318 2105 1403 2144 unam
1434 2087 1524 2162 (unum

318 2183 475 2244 Leideusis
497 2183 603 2259 codex,
622 2204 679 2242 uuo
700 2184 767 2242 olim
787 2182 936 2259 impressi)
958 2184 1078 2242 affert'.”

395 2279 476 2342 279..
500 2277 616 2336 Nonius
637 2295 666 2354 p.
686 2280 730 2352 19,
744 2280 781 2335 26
802 2277 995 2336 “Evarrnetur
1016 2280 1190 2354 ...(oetera
1215 2276 1364 2353 adscripsi
1390 2278 1465 2336 libro
1485 2298 1523 2334 vn

318 2396 344 2436 v.
360 2374 429 2451 230)
456 2371 532 2431 idem
558 2373 608 2431 lib.
624 2391 689 2430 vrnr
711 2371 752 2446 (li.
773 2385 809 2425 ur
826 2372 895 2430 olim
914 2372 1051 2448 impressi
1078 2379 1109 2432 et
1128 2371 1243 2445 Iunius)
1265 2371 1427 2429 ‘cunsavrr
1447 2381 1479 2432 ut

320 2468 464 2529 vannat'.''
773 2503 777 2514 ·

397 2565 467 2622 280.
507 2561 623 2620 Nonius
645 2560 732 2637 pdl,
750 2564 784 2620 13
806 2559 977 2620 “Parectoto
998 2561 1028 2619 hi
1054 2561 1103 2637 qui
1129 2558 1166 2620 de
1193 2561 1319 2637 pueritia
1343 2563 1464 2622 veniunt
1489 2563 1524 2621 ad

320 2659 522 2735 pubertatem
553 2673 571 2714 a
597 2654 715 2714 Graeco
743 2656 918 2714 vocabulum
944 2666 1078 2714 sumtum.
1125 2655 1259 2714 Lucilius
1288 2655 1339 2715 lib.
1360 2675 1424 2713 vnn
1453 2656 1524 2714 ‘inde

322 2760 477 2830 parectato
492 2768 685 2808 scarramrnss
701 2751 828 2826 (coola-mi
842 2749 1011 2826 Leideusis)
1027 2768 1061 2809 ao
1077 2749 1204 2810 barbula
1217 2749 1329 2826 prima'.
1361 2750 1439 2812 idem
1453 2753 1523 2811 vioe-

321 2847 394 2906 simo
409 2845 499 2906 ‘tuum
516 2846 651 2904 elocbum
667 2845 823 2921 quemdam
837 2862 924 2921 quem
937 2851 1046 2904 vocant
1061 2845 1254 2920 parectaton’.
1286 2845 1385 2904 Varro
1400 2846 1437 2904 de
1453 2865 1523 2905 com·

321 2943 465 3018 positione
486 2948 649 3000 suturarum
671 2938 851 3015 ‘parectatae
873 2938 982 2997 adsunt
1000 2938 1159 3014 mulierque
1175 2939 1279 2998 mulier
1295 2957 1385 3000 venus
1405 2943 1524 3018 caput'.”

400 3037 466 3093 281.
509 3035 682 3094 Priscianus
703 3052 731 3110 p.
748 3032 802 3092 *108
819 3031 994 3092 “invenitur
1014 3031 1101 3091 stiam
1115 3031 1189 3092 haec
1204 3034 1287 3109 capis
1301 3035 1427 3112 sapidis,
1448 3037 1539 3094 ouius'

321 3129 523 3189 diminutivum
550 3137 597 3187 est
622 3127 769 3204 sapidula.
810 3128 953 3186 Aruntius
975 3125 1082 3204 ‘Capis
1110 3128 1188 3186 vasis
1218 3146 1312 3203 genus
1339 3136 1387 3187 est
1414 3129 1525 3206 pontifi-

321 3224 409 3296 calis;
430 3222 601 3282 diminutive
622 3221 777 3299 capidula’.
817 3221 950 3280 Lucilius
972 3221 1002 3279 in
1022 3241 1054 3277 rx
1076 3221 1373 3299 ‘hincrepe1·tas'.
1415 3235 1445 3283 et
1464 3223 1525 3283 vide

322 3318 401 3395 quod
422 3316 519 3392 magis
538 3316 686 3377 Graecum
707 3333 773 3374 esse
795 3315 975 3390 ostenditur,
996 3334 1062 3376 eum
1084 3305 1112 3375 in
1135 3335 1167 3374 as
1188 3316 1311 3392 protulit
1330 3319 1524 3377 accusativum

322 3411 491 3490 pluralem.’'

398 3508 463 3568 282.
504 3505 613 3565 Festus
634 3524 663 3582 p.
678 3505 743 3579 210,
757 3507 795 3562 34
815 3503 1043 3576 “Redantruare
1064 3504 1171 3564 dicitur
1198 3505 1227 3563 in
1249 3503 1398 3564 Saliorum
1419 3509 1524 3566 exulta·

320 3603 466 3674 tionibus,
491 3617 556 3658 oum
582 3600 703 3676 praesul
725 3600 914 3675 ampiruavit,
942 3599 1021 3677 quod
1050 3609 1096 3658 est
1116 3605 1211 3658 motus
1233 3598 1342 3674 edidit,
1369 3602 1397 3659 ei
1418 3601 1466 3679 (et)
1487 3619 1526 3661 re·

320 3697 453 3756 feruntur
473 3695 597 3752 invicem
619 3693 696 3753 idem
718 3700 822 3752 motus.
853 3694 986 3752 Lucilius
1008 3693 1134 3769 ‘praesul
1156 3700 1188 3752 ut
1202 3697 1338 3769 amptruet
1350 3699 1414 3754 trude
1427 3698 1525 3772 vulgus

320 3792 508 3866 redamplavit
520 3798 559 3846 at.
592 3788 742 3848 Pacuvius
765 3786 994 3864 ‘proseverenda
1011 3789 1214 3864 (piromcrcudo)
1232 3789 1338 3863 gratia,
1359 3788 1452 3850 Simul
1468 3810 1525 3851 oum

321 3885 434 3944 videam
452 3883 559 3943 Graios
582 3882 652 3941 nihil
673 3881 859 3942 mediocriter
880 3882 1117 3959 Redamptruare
1138 3884 1303 3960 opibusque
1325 3889 1446 3945 summis
1467 3904 1525 3963 per·

321 3978 441 4056 sequi'.’'
520 3977 634 4036 Nonius
655 3995 684 4054 p.
704 3979 766 4052 165,
785 3975 816 4036 ll
841 3976 1086 4053 “Rodandruure,
1109 3979 1212 4038 redire.
1243 3979 1379 4038 Lucilius
1400 3982 1451 4040 lib.
1467 4000 1526 4038 vnn

325 4073 368 4133 ‘ut
381 4073 486 4150 vulgus
500 4072 671 4130 redoodroet
684 4071 769 4129 inde'.
798 4071 945 4131 Pacuvius
962 4070 1078 4149 Chryse
1098 4071 1243 4132 ‘Graecos
1259 4073 1330 4131 nihil
1346 4075 1527 4134 mediocriter

328 4165 578 4227 Rodandruare'.”
1369 4179 1371 4183 ’

324 4297 524 4305 ...ηρ-ἡ...

405 4359 470 4418 219.
513 4363 615 4421 lunius
637 4367 771 4434 (cissami,
792 4363 884 4420 Ianus
906 4364 1007 4422 Dousa
1027 4365 1209 4442 miscebitque.

330 4459 332 4464 ·
407 4441 472 4496 280,
514 4441 680 4499 Parectotoe
700 4441 776 4498 uude
799 4441 869 4498 dicti
891 4442 949 4500 sint
969 4460 1028 4500 non
1048 4444 1143 4520 capio.
