3202 5180
694 407 709 457 1

200 574 360 665 obstiterit
380 574 493 660 primo,
516 573 576 639 hoo
598 573 793 663 minuleudi]
819 575 936 643 reseret
959 596 1003 644 re.

200 751 388 832 praetextae
411 765 449 810 ao
470 746 606 831 tunicae,
629 746 793 832 Lydorum
816 751 889 836 opu’
914 747 1114 815 sordidulum
1138 770 1241 835 omne,

125 864 161 922 ³5
200 849 316 933 psilee,
340 856 435 934 atque
459 847 630 935 amfitopoe
654 851 739 917 villis
762 852 938 935 ingentibu'
963 853 1087 937 molles,

112 1036 165 1094 35⁸
204 1041 303 1106 porro
328 1019 515 1105 clinopodas
538 1020 792 1106 lychnosqueut
814 1025 944 1091 diximu'
969 1027 1095 1107 σεμνῶς

205 1123 403 1210 antepedes
426 1124 499 1189 lecti
522 1130 618 1210 etque
639 1127 788 1192 lucernas

296 1295 417 1362 nodum
439 1296 472 1361 in
496 1296 611 1382 scirpo,
634 1296 756 1383 insane,
780 1297 842 1384 sac,
866 1303 943 1368 edre
965 1300 1093 1367 vulnus.

510 1466 643 1534 mirocla
665 1466 762 1557 [ciett]
787 1470 953 1538 elefantus.

551 1646 628 1727 aput
648 1647 732 1726 tene,
755 1642 868 1728 inquit,
892 1645 1063 1728 aqualest‘l

169 1887 216 1945 34.
257 1885 373 1944 Nouius
394 1901 423 1960 p.
436 1884 502 1956 536,
517 1882 551 1944 27
575 1884 712 1946 “Tunica
732 1891 778 1944 est
797 1885 1002 1944 vestimentum
1017 1887 1079 1945 siue
1100 1885 1230 1946 menieis.

86 1979 229 2039 Lucilius
252 1987 417 2056 satyrarum
436 1978 510 2040 lib.1
533 1975 716 2054 'praetextae
804 1998 964 2038 sonmnum
984 1981 1103 2040 omue’.”
1190 2053 1192 2056 Ι

87 2075 177 2134 Idem
198 2095 228 2151 p.
245 2077 312 2142 540,
327 2078 364 2134 26
385 2073 574 2148 “Amfptapae
599 2079 696 2132 vestes
723 2073 859 2133 dicuutur
881 2075 1025 2152 utrimque
1045 2075 1191 2135 hebentes
1211 2075 1305 2134 villos.

88 2169 229 2229 Lucilius
256 2175 420 2245 satyrarum
440 2167 516 2226 lib.1
538 2166 643 2242 'psilae
668 2174 759 2244 atque
780 2174 941 2246 amfptapuo
1028 2163 1166 2228 molles’.'’
1207 2174 1308 2228 cetera

89 2264 164 2324 vide
186 2265 225 2324 ad
245 2265 352 2322 librum
371 2282 411 2336 rv,
432 2280 519 2320 versu
539 2263 604 2322 224.

170 2361 230 2418 35³.
251 2357 421 2430 Macrobius
438 2353 501 2415 Sat.
512 2374 552 2429 vr,
566 2357 594 2430 4,
611 2357 645 2414 18
668 2353 819 2417 “Inseruit
841 2359 924 2434 operi
945 2375 999 2418 suo
1018 2364 1048 2416 et
1068 2357 1186 2418 Graece
1206 2359 1306 2431 verbo,

89 2454 147 2528 sed
176 2449 236 2513 uon
257 2453 366 2530 primus
390 2450 447 2510 hoc
468 2468 556 2510 ausus
643 2449 776 2510 Lucilius
800 2451 828 2511 in
849 2452 943 2528 primo
964 2451 1063 2528 ‘porro
1084 2470 1305 2511 nnursoroam

88 2537 269 2626 clinopodas
298 2546 479 2628 lychnosque
505 2551 538 2603 ut
569 2543 684 2620 (scripti
710 2545 845 2605 nonnulli
871 2545 907 2624 et)
939 2545 1066 2606 disimus
1093 2564 1212 2606 semnos-
1238 2551 1306 2606 ente

89 2691 117 2705 ..
133 2693 139 2704 .
160 2642 334 2703 lucernas'.'’
758 2647 765 2666 ¹

171 2741 216 2798 36.
258 2738 393 2796 Donatus
423 2732 462 2791 ad
482 2731 614 2793 Terentii
634 2735 778 2794 Andriam
798 2754 827 2804 v,
846 2735 865 2792 4
885 2753 914 2809 p.
931 2736 966 2794 91
990 2733 1129 2794 “Nodum
1157 2737 1186 2794 in
1208 2735 1307 2811 scirpo

91 2833 225 2910 quaeris.
269 2830 390 2908 Scirpus
411 2828 552 2906 palustris
572 2846 620 2888 res
634 2837 665 2888 et
683 2829 841 2888 levissime.
871 2827 1006 2888 Lucilius
1026 2831 1054 2888 in
1074 2831 1169 2907 primo
1189 2828 1308 2888 ‘nodum

160 2944 281 2984 ruerus
308 2925 443 3003 (jacerem
469 2923 536 2982 olim
557 2923 704 3001 impressi)
731 2924 869 2983 t'ULGus'.
909 2929 956 2984 est
979 2932 1076 2986 eutem
1103 2924 1216 3002 scirpus
1244 2923 1306 2982 sine

90 3021 175 3080 nodo
197 3029 227 3080 et
246 3021 319 3079 levis
339 3017 417 3077 iunci
438 3019 582 3094 speeies.'’

170 3113 216 3175 37.
258 3115 372 3174 Nouius
392 3133 422 3189 p.
438 3114 504 3186 521,
525 3116 562 3172 30
584 3111 693 3185 “Mirc,
715 3111 871 3187 miracula,
891 3099 1007 3172 veteres
1027 3130 1083 3190 pro
1103 3113 1240 3172 monstris
1262 3113 1308 3171 rel

88 3209 249 3269 horrendis
264 3209 424 3286 ponebant.
460 3205 595 3266 Lucilius
616 3209 781 3284 satyrorum
794 3204 866 3266 lib.1
887 3206 1018 3266 ‘miraele
1038 3206 1097 3265 ciet
1114 3208 1308 3268 teleiantes'.”

170 3305 217 3364 38.
260 3303 414 3363 Charisius
434 3320 464 3378 p.
479 3303 515 3360 95
542 3299 735 3360 “Autumuel.
757 3299 855 3359 Varro
883 3300 1111 3378 ‘aequinoctium
1138 3304 1307 3370 autumnat,
1405 3306 1409 3314 '

90 3397 174 3475 quod
200 3398 278 3457 idem
300 3396 413 3455 Plinius
440 3395 544 3454 eodem
569 3395 645 3453 libro
672 3401 757 3453 sexto
784 3401 877 3454 notet.
899 3393 1057 3454 videndum
1083 3402 1182 3455 tumen
1203 3403 1249 3457 est
1270 3415 1307 3456 an

89 3491 327 3570 reprehensione
354 3493 392 3550 sit
417 3491 551 3566 dignum,
582 3489 665 3566 prius
689 3490 741 3548 illo
761 3490 847 3550 nobis
869 3495 1007 3565 spectata
1026 3490 1149 3549 ratione.
1191 3489 1309 3548 nominc

90 3586 242 3663 quaedam
265 3592 332 3645 sunt
352 3585 538 3661 principalis,
559 3602 634 3659 quae
650 3583 764 3641 Plinius
780 3582 936 3644 Secundus
958 3582 1062 3641 eodem
1077 3582 1151 3642 libro
1166 3583 1309 3643 facientia

90 3684 229 3760 appellat
249 3677 417 3757 (Fabricius
439 3679 555 3738 eddidit
574 3689 605 3736 ot
623 3679 730 3756 oque),
761 3696 798 3736 ex
820 3679 927 3753 quibus
948 3679 1121 3754 possessiva
1141 3683 1310 3752 nuscuntur,

93 3796 172 3854 quae
198 3776 332 3853 patiendi
360 3782 462 3849 vocat,
494 3781 526 3832 ut
553 3774 659 3850 equale
687 3771 766 3849 (nem
789 3771 951 3832 Lucilius1
979 3779 1145 3832 saturarum
1172 3774 1255 3850 ‘aput
1281 3779 1309 3832 te

90 3890 198 3932 usuum
211 3871 307 3947 inquit
320 3869 493 3946 seususs’),
507 3885 565 3926 nou
579 3873 611 3926 ut
627 3853 786 3927 eutumnel.
808 3864 894 3925 huius
910 3871 1009 3926 autem
1024 3867 1187 3943 principale
1202 3883 1308 3925 nomen

90 3975 138 4027 est
161 3984 255 4043 eque:
280 3965 359 4042 quod
380 3983 450 4022 vero
470 3963 583 4040 patitur
604 3980 640 4021 cc
660 3967 741 4020 tenet
761 3979 878 4038 squam,
900 3961 1014 4037 equale.
1037 3960 1080 4020 ‘ut
1099 3962 1196 4037 equile
1218 3960 1309 4019 sedile

91 4059 219 4135 monile’,
239 4060 282 4119 ait
296 4059 373 4117 idem
387 4057 513 4131 Plinius,
534 4055 669 4132 equale.
694 4100 739 4114 ...
756 4055 864 4114 animal
885 4055 1009 4112 animale
1031 4055 1129 4127 societ,
1150 4060 1182 4112 ut
1197 4060 1309 4111 sutum-

91 4156 142 4214 nsl
165 4153 346 4227 autumnale,
368 4152 478 4229 capitul
500 4151 638 4228 capitolo,
659 4151 789 4212 tribunal
809 4147 970 4223 tribrruele3
997 4165 1073 4228 quae
1092 4147 1228 4226 patiendi
1249 4164 1309 4206 uon

173 4337 218 4394 33.
261 4332 378 4392 *Oont
401 4350 503 4391 comm.
525 4332 555 4390 iu
577 4332 666 4390 Lucr.
687 4350 717 4408 p.
736 4331 799 4391 150.

174 4414 219 4471 34.
260 4411 433 4469 sordidulum
456 4410 547 4468 Ianus
569 4411 681 4470 Douee.

180 4491 241 4550 352.
266 4488 360 4549 Ianus
378 4487 485 4548 Dousa
506 4481 583 4550 ἀντί,
