3204 5184
836 329 928 402 xnvr

393 529 428 588 ut
448 523 613 588 Romanus
635 522 773 606 populus
794 521 898 586 vietus
920 521 953 586 vi
976 526 1008 586 et
1029 527 1198 606 superatus
1219 521 1352 606 proeliis

391 644 489 709 saepe
511 631 560 690 est
581 624 698 706 multis,
721 623 808 689 bello
830 643 907 689 vero
930 643 1112 706 numquam,
1136 623 1254 706 in‘quo
1277 630 1353 689 sunt
1373 623 1499 688 omnia.

300 823 348 882 51⁰
386 819 498 879 eontra
518 811 675 895 flagitium
701 807 851 895 [nescire]
874 810 958 875 bello
981 810 1064 875 vinei
1088 811 1278 894 abarharo,

387 916 520 1000 Viriato,
543 913 713 978 Annibale.

389 1121 544 1189 perorepa
565 1121 707 1187 pugnam
730 1101 855 1185 Popilli,
880 1100 966 1166 faeta
989 1100 1120 1212 Corneli,
1140 1122 1229 1167 eane.

388 1313 453 1357 non
474 1291 593 1356 ideireo
618 1290 781 1354 extollitur
802 1309 861 1355 nee
882 1289 969 1354 vitae
991 1289 1148 1371 vegrandi
1172 1290 1275 1356 datur.

735 1497 831 1563 quam
855 1477 1058 1544 fastidiosum
1082 1499 1121 1544 ae
1142 1499 1272 1546 veseum
1294 1479 1404 1546 vivere

300 1676 346 1734 515
382 1668 445 1734 nisi
467 1671 614 1752 portenta
636 1667 815 1751 anguisque
837 1667 978 1732 volueris
1000 1686 1039 1732 ao
1061 1667 1212 1751 pinnatos
1236 1669 1385 1734 scribitis.

390 1876 575 1941 paueorum,
599 1861 696 1940 atque
719 1855 781 1920 hoo
802 1860 897 1940 paeto
921 1854 948 1920 si
971 1855 1018 1919 nil
1041 1862 1150 1939 gustat
1172 1856 1409 1942 internundino,

284 1999 494 2018 —

360 2083 424 2140 568.
465 2079 579 2138 Nonius
600 2097 629 2156 p.
643 2076 710 2152 431,
729 2075 761 2135 ll
785 2076 923 2135 “Bellum
944 2082 974 2136 et
994 2078 1136 2154 proelium
1162 2077 1219 2136 hoo
1245 2077 1385 2137 differunt
1409 2079 1498 2154 quod

281 2174 395 2250 proelia
415 2181 516 2249 partes
538 2177 608 2232 sunt
626 2173 706 2245 belli,
728 2171 784 2229 hoe
805 2171 898 2230 estin
919 2173 1000 2230 bello
1021 2173 1258 2247 congressiones.
1290 2173 1424 2231 Lucilius
1443 2174 1494 2232 lib.

272 2266 352 2324 'xxvi
373 2266 416 2325 ‘ut
430 2316 436 2326 .
450 2313 456 2326 .
470 2313 475 2325 .
487 2269 618 2328 omuia'.'’
714 2267 798 2325 Idem
817 2268 927 2342 plau,
942 2265 977 2325 21
1000 2265 1076 2325 “Vis
1098 2275 1145 2328 est
1165 2269 1244 2326 celer
1263 2267 1400 2343 impetus.
1431 2268 1495 2326 Lu-

283 2362 368 2420 cilius
389 2363 439 2420 lib.
455 2379 527 2419 xxvi
550 2361 696 2420 ‘romanus
717 2361 846 2437 populus
867 2361 962 2418 vietus
982 2361 1026 2417 oel
1045 2369 1201 2437 superatus
1222 2361 1390 2438 praeliis'.”·

357 2454 422 2515 510.
462 2456 578 2514 Nonius
599 2475 627 2532 p.
646 2457 710 2529 186,
726 2457 763 2513 30
785 2453 950 2512 “Viriatnm
972 2452 1081 2514 dietum
1109 2463 1156 2515 est
1179 2473 1353 2531 magnarum
1379 2455 1494 2516 virium.
1592 2499 1593 2506 .

280 2549 415 2608 Lucilius
437 2551 486 2608 lib.
503 2570 575 2608 xxvi
596 2550 712 2609 ‘eontra
732 2549 876 2624 flagitium
897 2548 1010 2606 nesoire
1027 2551 1257 2610 ...annibale'.”

359 2641 424 2702 572.
465 2644 580 2702 Nonius
602 2663 630 2720 p.
647 2645 713 2717 255,
731 2645 766 2702 14
787 2642 938 2718 “Orepare
952 2649 997 2701 est
1012 2660 1127 2702 sonare.
1149 2688 1195 2702 ...
1210 2642 1343 2702 Lucilius
1358 2644 1406 2704 lib.
1418 2665 1495 2704 xxvi

281 2737 438 2814 ‘perorepa
458 2756 589 2814 pugnarn
609 2755 737 2794 rourum
753 2736 919 2798 ...eane’.''
1301 2745 1310 2764 ·

357 2830 422 2890 513.
465 2832 581 2890 Nouius
604 2851 634 2908 p.
651 2834 714 2905 183,
729 2834 766 2891 30
787 2828 986 2904 “Vegrande,
1012 2828 1100 2887 valde
1120 2829 1243 2904 grande.
1285 2832 1420 2891 Lucilius
1443 2835 1494 2894 lib.

279 2945 352 2984 xxvi
373 2925 442 2984 ‘non
458 2926 637 2986 ...datur'.”
723 2925 806 2984 Idem
827 2943 856 3000 p.
871 2923 936 2995 297,
952 2925 987 2982 31
1010 2922 1168 2998 “cherre,
1193 2924 1295 2999 edere,
1317 2928 1493 3002 provehere.

282 3020 471 3078 ...Lucilius
493 3021 543 3079 lib.
559 3039 635 3077 xxvi
656 3019 723 3080 ‘non
740 3018 948 3080 ...extollitur
966 3018 1045 3074 velita
1064 3018 1107 3074 oel
1126 3019 1233 3091 grandi
1254 3020 1377 3080 datur’.'’

356 3114 422 3174 574.
462 3114 577 3172 Nonius
598 3133 628 3190 p.
646 3118 708 3187 186,
724 3117 761 3173 32
782 3112 949 3185 “Veseum,
970 3112 1124 3185 minutum,
1150 3114 1317 3190 opscurum.
1359 3114 1495 3175 Lucilius

279 3209 330 3266 lib.
345 3227 417 3264 xxvr
445 3207 542 3284 ‘quam
559 3253 583 3266 ..
600 3227 736 3268 .veseum
763 3228 822 3265 earo
841 3209 962 3284 fastidio
990 3206 1123 3265 vivere'.’'
1216 3205 1331 3266 Gellius
1359 3208 1495 3285 Sulpicio

281 3302 458 3377 Apollinare
474 3309 594 3368 auetore
608 3322 669 3377 xvr,
684 3306 702 3361 5
725 3301 842 3362 “Aliter
861 3302 936 3359 enim
951 3300 1107 3360 Lucretius
1121 3319 1240 3360 vescum
1255 3303 1348 3360 salem
1371 3303 1444 3362 dicit
1457 3323 1495 3362 ex
1589 3284 1595 3303 ⁵

280 3396 387 3454 edendi
407 3397 578 3471 intentione,
600 3398 685 3456 aliter
705 3396 838 3454 Lucilius
853 3413 973 3454 vescum
989 3395 1123 3470 appellat
1137 3395 1322 3465 comedendi
1345 3397 1494 3455 lastidi0.”

361 3489 426 3550 515.
467 3490 583 3550 Nonius
604 3510 633 3567 p.
651 3493 765 3565 191,19
787 3489 932 3564 “Angues
954 3489 1116 3547 masculino
1137 3507 1243 3564 genera
1270 3490 1330 3548 dici
1346 3535 1352 3548 .
1366 3535 1373 3549 .
1385 3535 1392 3548 .
1404 3489 1494 3548 Luci·

280 3584 335 3641 lius
357 3585 407 3644 lib.
422 3605 495 3642 xxvr
517 3584 582 3644 ‘nisi
599 3583 823 3644 ...scribilis'.”
903 3583 987 3641 Idem
1007 3602 1035 3659 p.
1051 3586 1118 3656 436,
1133 3582 1148 3642 '1
1171 3583 1348 3658 “Portenta,
1375 3591 1495 3644 ostenta

281 3695 359 3753 quae
375 3679 487 3754 aliquid
501 3681 640 3739 inminere
659 3677 835 3753 significant.
867 3676 1000 3737 Lucilius
1018 3678 1068 3736 lib.
1079 3696 1153 3735 xxrr
1174 3678 1239 3736 ‘nisi
1254 3679 1433 3742 ...volueres
1448 3724 1494 3739 ...
1591 3706 1598 3724 ι

281 3771 452 3830 scribitis'.''

358 3865 393 3926 51
397 3870 423 3926 6.
464 3866 580 3926 Nonius
598 3886 628 3943 p.
640 3869 705 3941 211,
715 3868 750 3924 27
764 3865 813 3924 “N
816 3865 943 3924 undinae
958 3867 1075 3941 generis
1089 3874 1157 3926 suut
1170 3867 1310 3926 seminini.
1375 3883 1494 3925 mascu-

278 3961 340 4020 lini.
371 3960 504 4021 Lucilius
524 3962 575 4020 lib.
590 3979 662 4018 xxvi
683 3958 854 4035 ‘paucorum
870 4004 877 4018 .
890 4005 914 4018 ..
927 3961 995 4017 nillil
1008 4006 1014 4019 .
1029 3961 1142 4019 ..inter
1162 3960 1337 4023 nundino'.’'

280 4101 482 4111 ψ

356 4175 422 4235 alo.
462 4175 629 4236 Viriathum
656 4175 834 4234 Lusitannm
854 4173 969 4234 Nonius
997 4191 1054 4233 non
1084 4181 1216 4234 noverat.
1266 4175 1393 4234 fortasse
1419 4176 1494 4232 seri-

280 4251 407 4310 bendum
429 4261 475 4313 est
499 4255 603 4314 Contra
616 4255 757 4329 Jlapitiom
777 4263 888 4310 nostroe
908 4270 945 4308 re.
1310 4271 1336 4282 ···
1594 4304 1599 4319 ,

357 4328 422 4388 572.
462 4331 599 4406 Pugnam
621 4332 663 4390 M.
684 4330 803 4405 Popillii
826 4328 978 4401 Laenatis,
1000 4330 1172 4405 quavietns
1195 4333 1242 4386 est
1262 4348 1280 4386 a
1301 4329 1494 4388 Numantinis
1593 4360 1598 4369 ·

282 4422 360 4466 anno
382 4407 419 4463 ab
441 4408 513 4466 urbe
534 4409 654 4466 condita
668 4411 733 4480 616,
755 4407 865 4464 bellum
886 4407 924 4464 ab
947 4405 1090 4465 Africano
1112 4407 1277 4466 consectum
1301 4425 1378 4467 anno
1393 4413 1461 4470 621.
