3202 5180
558 565 681 630 interea
704 571 767 629 stat
789 563 925 630 sentibu’
948 572 1069 650 peetus.

152 756 229 804 nam
253 739 290 818 si,
315 735 403 819 qnod
425 737 504 802 satis
528 742 577 802 est
599 735 729 820 homini,
752 735 786 800 id
809 737 888 802 satis
911 756 983 803 esse
1007 740 1152 825 petisset,

150 841 213 905 hoo
235 846 286 904 sat
309 844 393 903 erat:
417 859 501 904 nunc
522 859 592 906 oum
616 840 677 905 hnc
697 859 762 904 non
785 844 843 922 est,
867 839 921 923 qni
944 838 1093 906 oredimu’
1118 864 1215 927 porro

152 943 284 1009 divitias
307 942 390 1007 ullas
416 942 556 1008 animum
579 943 620 1008 mi
643 942 774 1027 explere
796 943 942 1028 petisse?

66 1124 111 1181 185
150 1137 193 1182 ne
216 1115 379 1198 designati
403 1120 539 1180 rostrum
563 1115 712 1200 praetori’
737 1113 901 1199 pedesque

114 1223 117 1228 ’
151 1225 280 1306 spectes

155 1391 279 1457 Laeliu’
301 1410 478 1476 pauperem
501 1389 548 1455 ait
570 1409 603 1455 sc
626 1389 772 1472 ingentia
793 1403 928 1456 munera
950 1391 1040 1476 fungi
1070 1467 1072 1472 ,
1178 1437 1190 1448 ,.

379 1561 431 1626 dio
454 1581 550 1645 quam
574 1565 671 1645 cogat
692 1559 792 1626 visire
812 1561 958 1626 minutim

153 1687 212 1752 per
236 1664 463 1741 commissuras
486 1664 638 1730 rimarum
660 1664 754 1730 noeti'
779 1664 918 1746 nigrore.

57 1845 109 1904 lto
152 1859 268 1904 urceus
292 1837 370 1902 haut
390 1837 488 1919 louge
511 1837 640 1918 gemino
663 1837 824 1902 mixtariu'
851 1834 982 1922 [paulol.

153 2009 319 2076 custodem
343 2009 456 2100 classis
479 2008 658 2092 catapultas
681 2009 749 2092 pila
772 2008 911 2074 sarissas

64 2183 82 2224 *
154 2182 258 2248 maior
280 2188 349 2247 erat
370 2187 456 2248 natu.
501 2200 566 2246 non
588 2179 696 2246 omnia
718 2199 889 2264 possumus
912 2199 1032 2246 omnes.

123 2403 187 2459 181.
229 2397 345 2457 Gellius
367 2399 465 2468 vrn,5
487 2395 586 2471 “Quid
606 2396 680 2455 illud
703 2398 751 2469 sit,
775 2396 855 2473 quod
872 2397 1015 2474 Virgilius
1037 2397 1152 2456 eaelum
1174 2402 1254 2460 star‘e

45 2497 165 2572 pulvere
180 2500 210 2553 et
225 2493 305 2571 quod
319 2490 452 2551 Lucilius
466 2498 571 2568 pectus
586 2491 719 2550 sentibus
735 2499 814 2552 stare
832 2492 933 2551 dixit.'’
1010 2490 1177 2570 Nonius-p.
1190 2496 1255 2569 392,

44 2595 60 2649 2
91 2589 184 2650 '‘Slat
213 2589 302 2648 etiam
332 2587 449 2663 plenum
483 2591 536 2646 est.
581 2585 714 2645 Lucilius
746 2594 911 2663 satyrarum
942 2586 991 2645 lib.
1012 2605 1030 2642 v
1057 2586 1181 2647 ‘interea

46 2685 185 2761 pectus'.”
286 2683 425 2740 Donatus
447 2680 485 2739 ad
507 2679 641 2739 Terentii
662 2681 807 2741 Andriam
822 2684 893 2756 rv,2
913 2700 941 2759 p.
958 2679 995 2740 10
1016 2680 1176 2754 “Stetisse,
1198 2683 1254 2743 hoc

45 2787 179 2838 estesse.
203 2825 229 2837 ..
245 2825 251 2836 .
267 2778 353 2837 aliter
373 2775 491 2852 plenum
505 2781 551 2834 est
567 2822 573 2834 .
589 2823 612 2835 ..
631 2778 716 2835 aliter
729 2776 840 2847 horret,
862 2781 895 2833 ut
909 2774 1001 2834 ‘stunt
1013 2774 1118 2834 limina
1131 2774 1255 2837 flamma'

45 2881 73 2932 et
93 2872 227 2932 Lucilius
249 2870 320 2930 ‘stat
341 2872 474 2931 sentibus
488 2871 631 2947 sundoc’.''
1239 2909 1243 2914 -

122 2971 184 3028 182.
225 2966 344 3025 Nonius
366 2985 395 3043 p.
410 2967 479 3039 445,
496 2963 531 3025 21
553 2964 703 3024 “Multum
724 2972 753 3023 et
774 2965 846 3024 satie
868 2982 903 3023 eo
924 2964 1037 3024 distant
1121 2965 1255 3028 Lucilius

45 3065 125 3121 lib.v
148 3062 226 3122 ‘nam
242 3107 249 3121 .
264 3107 270 3119 .
284 3109 290 3121 .
306 3061 379 3120 satis
401 3079 467 3120 esse
488 3080 577 3118 noris
598 3077 668 3118 ussa
687 3061 786 3136 (abest
804 3057 971 3136 impressis)
986 3059 1115 3134 potisset
1129 3107 1135 3118 .
1148 3107 1174 3120 ..
1191 3063 1256 3120 milii

46 3159 164 3236 explere
186 3157 299 3233 petisse
322 3154 418 3233 (posse
437 3155 609 3215 Leidensis:
630 3154 728 3213 nnllns
744 3153 902 3230 potesse)'.”
935 3223 940 3231 1
1017 3183 1028 3204 .

121 3255 184 3312 185.
225 3251 342 3309 Nonius
368 3268 397 3327 p.
413 3252 480 3326 455,
497 3252 532 3309 14
548 3249 710 3309 “Rostrum
726 3247 851 3306 hominis
873 3293 918 3307 ...
939 3248 1074 3309 Lucilius
1090 3256 1255 3328 satyrarum

45 3348 92 3406 lib.
109 3367 127 3403 v
149 3346 194 3404 'ne
217 3391 268 3403 ...
290 3345 445 3422 spectes'.”
1040 3355 1042 3360 ’
1238 3381 1242 3390 ·

122 3439 183 3501 181.
219 3440 341 3499 Nonius
368 3458 397 3516 p.
415 3438 481 3515 491,
504 3442 537 3498 ll
565 3438 785 3498 “Accusatirus
812 3438 926 3514 positus
953 3456 1008 3516 pro
1029 3438 1171 3500 ablativo.

44 3537 119 3595 idem
141 3537 190 3596 lib.
206 3556 224 3593 v
246 3534 377 3593 ‘Laelius
394 3535 527 3610 (Laevius
547 3531 718 3608 Leidensis)
808 3532 925 3609 lungi’.''

123 3633 184 3692 188.
224 3630 342 3688 Nonius
363 3648 390 3705 p.
407 3631 507 3700 515‚3
529 3627 688 3687 “Minutim
707 3643 763 3704 pro
784 3625 903 3684 minute.
937 3625 1069 3686 Lucilius
1092 3626 1142 3686 lib.
1157 3645 1176 3682 v
1197 3625 1254 3685 'dio

46 3773 51 3782 .
67 3773 72 3782 .
88 3773 93 3784 .
114 3725 265 3800 nigrore’.”

122 3822 184 3879 180.
232 3818 348 3877 Nonius
375 3837 403 3894 p.
426 3819 492 3889 546,
514 3820 552 3877 30
579 3817 792 3890 “Mixtarium,
820 3833 879 3892 quo
907 3815 1072 3876 miscemus.
1121 3815 1278 3875 Lucilius

45 3914 92 3972 lib.
106 3934 125 3970 v
147 3913 261 3973 ‘urceus
283 3923 333 3970 out
353 3959 358 3971 .
375 3959 402 3972 ..
424 3914 577 3974 mixtarlus
598 3914 747 3991 (catenariis
767 3909 1032 3988 Guelferbytanus)
1052 3909 1189 3969 ernno'J’

122 4011 184 4066 191.
225 4007 342 4066 Nonius
364 4009 475 4084 pene,
494 4009 527 4068 18
549 4006 752 4084 “Catapulta,
778 4006 905 4066 iaculum
934 4005 1013 4064 ceter
1033 4006 1079 4064 vel
1101 4005 1142 4080 (ot
1161 4005 1253 4063 Ianus

45 4099 158 4178 Densa)
172 4102 294 4177 sagitta.
319 4147 362 4160 ...
379 4101 512 4162 Lucilius
528 4109 693 4178 satyrarum
708 4101 757 4160 lib.
769 4120 787 4157 v
803 4097 966 4160 ‘custodem
978 4098 1086 4159 elassis
1101 4097 1255 4173 catapulta

46 4208 144 4253 rsran
166 4195 243 4268 (stila
265 4195 437 4272 Leidensis)
457 4197 597 4256 aaucm’l'
877 4185 878 4188 Ἴ
1238 4203 1241 4210 ’

40 4304 44 4308 ·
122 4292 185 4348 192.
225 4289 396 4349 Macrobius
418 4291 537 4351 Saturn.
557 4309 596 4363 vr,
618 4295 643 4363 1,
664 4292 700 4349 35
729 4287 861 4360 '‘Dicite,
894 4287 1045 4359 Pierides,
1077 4305 1136 4346 non
1157 4287 1255 4346 omnia

46 4401 202 4458 possumus
222 4402 334 4444 omnes.
374 4383 507 4444 Lucilius
528 4384 778 4470 (Lucrettucpars
796 4380 950 4471 librorum)
977 4381 1007 4441 in
1029 4379 1132 4460 quinto
1153 4380 1256 4442 ‘maior

46 4523 87 4540 ...
102 4481 239 4541 omnes'.”
858 4499 860 4506 ’
