3202 5180
610 403 773 440 runnrnrro
1273 408 1295 450 v

84 561 140 645 qui
170 579 257 624 nuuc
278 558 410 642 legitur,
438 563 567 642 praeter
589 577 721 643 annum,
745 579 840 642 quem
861 560 918 626 ille
939 566 1105 645 posuerat,
1135 581 1293 645 unacurt,

83 733 167 798 quae
196 713 229 778 iu
257 711 459 797 praefatione
485 730 665 778 memorare
690 713 791 779 ⁴vellet
813 714 1026 781 adnotaverat
1046 713 1127 780 haec
1156 711 1220 779 ‘ubi
1241 732 1294 779 ne-

83 867 261 934 cessarium
282 864 453 932 videbatur
476 885 588 932 comm.
612 865 645 930 in
666 867 758 932 Luor.
779 867 1052 934 commemoravi:
1082 871 1148 930 tam
1170 864 1295 932 fervide

82 1025 213 1115 tamqrm
244 1022 349 1083 certus
379 1017 428 1082 rei
452 1018 597 1102 protinus
623 1018 837 1108 perficiendae
865 1019 1064 1104 aliquamdiu
1091 1019 1153 1084 hoc
1178 1019 1296 1085 edendi

83 1172 257 1238 consilium
288 1169 481 1255 agitaverat,
511 1169 587 1236 dein
613 1171 721 1236 nescio
744 1192 811 1256 qua
831 1193 931 1240 causa
952 1175 1119 1256 omissum,
1146 1192 1206 1238 nec
1228 1192 1294 1237 um·

83 1344 182 1408 quam
217 1328 333 1409 postea
366 1322 413 1389 uti
445 1323 573 1390 videtur
605 1333 811 1413 resumptum.
866 1330 1040 1393 Praeterea
1070 1333 1199 1411 praesto
1234 1327 1295 1396 tuit

82 1477 217 1563 Hauptii
245 1476 410 1561 exemplar
432 1476 549 1544 Lucilii
572 1479 793 1566 Gerlaohiani‚
821 1481 854 1546 in
882 1481 972 1546 cuius
1001 1482 1199 1567 marginibus
1222 1503 1293 1550 oum

82 1632 149 1698 alia
183 1631 226 1696 ad
258 1631 342 1696 hanc
373 1649 441 1697 rem
470 1631 665 1731 pertinentia
696 1640 762 1701 tum
795 1635 994 1702 coniecturas
1027 1635 1183 1720 quasdam
1216 1655 1293 1703 suas

82 1784 297 1851 adnotaverat
329 1783 417 1850 velut
449 1804 480 1850 v.
495 1785 558 1850 618
591 1793 649 1852 tete
675 1788 840 1854 abstuleris
873 1795 905 1856 et
937 1810 1085 1856 versuum
1116 1791 1292 1858 152—159

82 1937 340 2005 distributionem
367 1936 634 2023 scripturamque
673 1955 762 2023 eam,
803 1959 887 2025 qnae
925 1963 1011 2007 nunc
1028 1963 1061 2010 se
1094 1944 1292 2010 Lachmanui

13 2109 14 2112 ’
81 2091 210 2171 schedis
232 2090 353 2157 editur:
392 2090 450 2157 sed
476 2091 650 2177 praecipue
679 2113 718 2159 eo
746 2114 824 2161 usus
852 2101 921 2161 erat
947 2098 1094 2181 exemplo
1118 2096 1160 2162 ad
1183 2096 1292 2181 explo-

80 2246 217 2311 randum
257 2245 426 2329 ecquinam
459 2246 575 2312 Lucilii
612 2266 725 2313 versus
761 2247 796 2312 in
829 2246 1026 2313 Lachmanni
1063 2248 1191 2314 schedis
1227 2269 1291 2314 nou

80 2405 291 2484 apparerent,
319 2398 550 2484 apparentibus
572 2400 605 2465 iu
630 2400 689 2465 illo
712 2400 794 2466 libro
818 2400 938 2465 lineola
960 2369 1097 2486 notatis,¹
1124 2402 1290 2468 additurus

78 2555 148 2638 ipsc
174 2552 203 2618 si
226 2551 303 2635 quid
326 2570 347 2615 a
369 2550 577 2618 Lachmanno
599 2553 758 2638 reliquum
780 2552 900 2619 factum
923 2559 1094 2621 constaret.

164 2706 284 2771 Verum
312 2705 523 2790 apographon
554 2704 636 2772 illud
668 2727 737 2772 cum
771 2727 836 2773 non
868 2728 926 2793 per
952 2727 1063 2774 omnes
1092 2708 1292 2774 Lachmanni

83 2859 221 2926 schedas
258 2857 433 2944 pertineret
465 2859 524 2926 sed
560 2861 824 2945 complecteretur
857 2866 979 2928 tautum
1009 2882 1122 2928 versus
1155 2862 1290 2943 singulis

79 3013 167 3080 libris
200 3010 380 3097 adscriptos
414 3021 445 3080 et
479 3013 672 3079 incertorum
700 3013 774 3104 hac·
789 3013 997 3100 inscriptione
1026 3014 1114 3081 facta
1140 3014 1289 3080 ‘1-xxv,
1384 3025 1390 3034 ·

78 3169 151 3230 xxx’
187 3185 300 3232 versus
328 3167 542 3250 986-1020,
575 3165 637 3232 hoc
667 3168 805 3251 primum
834 3187 940 3232 meum
972 3174 1054 3253 erat,
1090 3169 1216 3253 reliqua
1249 3191 1289 3236 cx

77 3319 279 3387 Lachmanni
307 3317 435 3386 schedis
455 3319 619 3386 adiicere:
657 3326 754 3404 atque
777 3321 899 3387 incerta
921 3320 1000 3388 haec
1021 3341 1087 3386 non
1109 3329 1210 3389 metro
1232 3325 1290 3390 sed

75 3474 158 3540 libro
184 3472 366 3555 fragmenta
387 3470 539 3539 bifariam
561 3471 705 3558 disposui
725 3472 779 3558 ita,
803 3479 838 3539 ut
852 3493 965 3540 versus
981 3473 1158 3560 dactylicos
1174 3477 1288 3543 eodem
1357 3533 1359 3540 ,

77 3626 185 3692 iudice
216 3627 434 3692 continuarem
461 3625 525 3692 illis
553 3645 633 3709 quos
656 3625 829 3711 Hauptium
851 3625 918 3691 iam
940 3644 1094 3694 exarasse
1116 3626 1198 3711 dixi,
1226 3634 1288 3693 tro-

76 3777 206 3843 chaioos
233 3785 396 3846 autemst
419 3778 577 3845 iambicos
605 3779 666 3844 hac
691 3777 901 3876 inscriptione
929 3778 1181 3844 ‘xxvi—xxvun’
1206 3755 1288 3846 ocmss
1321 3784 1323 3790 ’

16 3911 18 3916 “
76 3931 254 4016 prehensos
282 3932 364 3998 libro
386 3953 515 4032 navum¹
528 3931 728 4001 subiicerem.
759 3934 838 4000 ‘Sed
859 3935 1037 4000 hexametri
1058 3934 1107 4002 illi
1129 3953 1200 3999 cum
1223 3955 1288 3999 non

75 4105 190 4151 omncs
216 4084 313 4150 unius
341 4085 470 4168 generis
499 4087 615 4171 partim
637 4087 708 4152 sinc
730 4086 805 4152 libri
827 4106 961 4154 numero
983 4087 1152 4152 tradantur
1171 4087 1288 4171 partim

73 4237 195 4322 signati
231 4257 363 4303 numero
399 4239 458 4305 sed
493 4239 591 4325 falso,
626 4241 701 4307 item
734 4241 865 4307 iambici
896 4246 927 4305 et
954 4239 1107 4304 trochaici
1133 4260 1288 4307 versusa

71 4390 295 4477 grammaticis
325 4397 381 4460 aut
410 4393 501 4458 nulla
525 4393 599 4459 libri
626 4399 704 4460 nota
728 4401 782 4460 aut
803 4413 906 4479 prava
929 4394 1155 4480 designentur,
1187 4394 1286 4460 Lach-
