3196 5174
570 442 656 520 pectus
674 458 708 470 —-
727 451 778 500 pes.
1110 393 1112 400 Ι
1240 431 1282 498 45

104 608 648 672 100.pectorepur0266.cumpectore
735 623 829 671 magna
847 621 926 674 penus
1005 605 1127 670 peribit
1147 607 1222 656 1144.
1245 621 1283 656 res

101 703 210 760 pectus
236 696 296 743 870.
316 701 361 744 tuo
380 693 649 758 sitpectorefixum
736 696 833 760 periit
857 690 935 745 531*.
960 693 1111 758 periimus
1138 694 1198 743 641.
1225 695 1283 742 749.

101 783 159 833 368.
173 797 207 832 ex
219 789 349 846 pectore
363 783 422 832 898.
440 788 569 846 pectore
582 797 649 831 mer·
736 791 764 833 ut
782 781 917 846 periisse
935 781 997 832 velis
1017 782 1073 832 155.
1092 781 1146 830 scio
1163 781 1283 844 Amyclas

101 885 188 920 mereo
211 871 287 919 1038.
307 869 334 919 in
352 878 482 934 pectore
503 872 578 920 1141.
736 871 844 921 tacendo
863 870 998 933 periisse
1018 872 1078 920 880.

68 973 158 1022 pecus
184 958 243 1007 nesi
272 957 398 1020 rostrique
424 957 564 1022 repandum
591 960 648 1007 170.
700 972 797 1021 perge
816 958 875 1008 733.

100 1045 190 1111 pecui
208 1045 302 1095 10621.
318 1046 467 1109 pecudem
481 1046 541 1096 956.
555 1045 650 1109 pascali
702 1044 833 1108 pergula
851 1044 978 1109 pictorum
994 1044 1056 1094 415.

100 1148 213 1199 pecore
232 1148 264 1183 ec
281 1140 404 1182 montano
426 1134 500 1183 1110.
702 1139 731 1180 nt
749 1131 944 1196 perhibetur
963 1132 1029 1180 iners
1049 1131 1108 1180 386.

67 1219 291 1286 pedetemptim
312 1221 387 1271 1136.
406 1218 499 1270 sensim
518 1219 650 1283 etpede·
702 1218 767 1269 adde
794 1219 860 1269 alios
883 1234 970 1268 omnes
992 1233 1049 1268 meo
1075 1216 1200 1281 periclo
1224 1219 1283 1267 798.

101 1307 221 1357 temtim
237 1307 301 1357 684.
737 1307 810 1357 cuius
826 1306 848 1355 si
867 1306 894 1354 iu
912 1305 1035 1370 periclo
1053 1304 1143 1354 feceris
1159 1304 1284 1368 pericu-

66 1393 180 1456 manicia,
199 1393 325 1458 pedicis
345 1395 404 1446 954.
738 1393 800 1441 lum
819 1395 878 1443 788.

66 1482 148 1546 peila
167 1497 192 1531 v.
211 1481 275 1546 pila.
702 1479 756 1530 iure
775 1480 901 1544 peritus
919 1480 962 1531 41.

66 1569 231 1635 Carpathium
246 1569 329 1620 ...in
338 1568 468 1633 pelagus
534 1576 649 1634 apertum
702 1567 746 1629 qui
770 1582 872 1632 campos
895 1569 1023 1630 collesque
1040 1568 1121 1632 gradu
1139 1568 1281 1630 perlabi-

104 1659 177 1710 1168.
736 1663 788 1704 tur
807 1670 859 1705 uno
881 1657 973 1708 11810.

66 1745 264 1809 pelliciendo
343 1742 474 1807 geminato
492 1744 502 1792 l
521 1743 598 1794 3300.
702 1743 795 1793 lectum
813 1742 975 1807 perminxi
997 1739 1092 1796 1176*.
1292 1805 1295 1810 .

65 1822 348 1896 pelliculeextrema
366 1846 399 1882 ex
416 1839 504 1896 aptum
585 1846 649 1882 onus
701 1840 796 1895 pestem
818 1830 1045 1895 perniciemque
1069 1831 1110 1881 50.
1135 1831 1189 1881 siue
1213 1847 1282 1896 per·

99 1921 156 1970 468.
735 1917 823 1968 nicie
845 1913 939 1967 1034*.

65 2008 193 2072 pellibn’
217 2008 294 2058 1176.
310 2006 465 2071 pellesque
477 2013 506 2056 ut
519 2005 546 2054 in
559 2005 649 2055 ordine
700 2006 798 2069 gracile
819 2012 844 2055 et
865 2004 980 2069 pernix
1002 2005 1061 2055 866.
1090 2003 1184 2054 fuimua
1211 2021 1282 2070 per-

100 2103 181 2146 tentae
202 2096 263 2145 351.
735 2093 824 2144 nices
843 2093 903 2142 668.

65 2185 132 2233 nulla
150 2181 275 2248 peloris
296 2182 355 2231 110.
700 2180 750 2230 scis
832 2195 924 2244 corpus
943 2178 1103 2244 pe-rolesse
1123 2180 1181 2229 983.

66 2271 95 2320 de
106 2271 205 2320 naribn'
219 2268 408 2334 pendet429.
420 2266 648 2330 laterependens
700 2281 775 2317 nemo
855 2265 995 2316 Homerum
1013 2275 1164 2330 perpetuo
1183 2267 1281 2331 culpat:

85 2357 267 2423 ,500(=F.nn.
286 2362 316 2409 tr.
335 2355 408 2418 414).
430 2354 570 2417 pendere
588 2355 648 2403 468.
798 2369 874 2402 unum
894 2368 992 2402 versum
1012 2353 1098 2416 culpat
1116 2355 1175 2403 306.

64 2461 156 2509 poenas
170 2483 177 2496 .
189 2482 195 2495 .
207 2482 214 2495 .
228 2444 341 2508 pendit
356 2443 413 2493 133.
427 2455 555 2506 pensum
569 2441 649 2491 saciat
700 2449 725 2493 et
743 2441 849 2491 mutoni’
868 2455 971 2490 menum
994 2441 1192 2503 perscribere
1209 2456 1282 2506 posse

99 2536 156 2585 589.
175 2532 214 2581 nil
233 2531 304 2596 perci
323 2546 354 2580 ae
372 2529 461 2594 pensi
480 2529 540 2578 674.
735 2537 851 2593 tegerem
870 2531 931 2579 970.

64 2621 91 2670 in
108 2622 214 2686 bulgam
296 2625 466 2683 penetrare
484 2617 527 2666 54.
699 2617 783 2667 lacere
802 2624 891 2667 contra
909 2631 940 2666 ec
957 2615 1106 2680 persequi
1125 2617 1185 2668 690.

63 2709 319 2775 peniculamento
340 2701 646 2769 ...reprehenderenoli
699 2705 802 2755 intubu'
834 2704 940 2770 pedibus
974 2701 1151 2767 perserpsit
1183 2703 1283 2765 equinis

97 2797 158 2846 493.
736 2793 794 2842 163.

64 2883 168 2932 tirmiter
237 2880 401 2946 penithue
477 2879 556 2927 lixum
568 2873 647 2927 368⁸.
699 2880 848 2929 Persium
866 2894 919 2928 non
937 2894 998 2928 curo
1018 2877 1102 2940 legere
1121 2874 1209 2925 859Η.

64 2970 138 3020 uxori
149 2971 237 3034 legate
245 2983 343 3033 penus
355 2969 431 3015 1087.
443 2981 538 3030 magne
550 2980 647 3030 penus
698 2967 807 3032 pretium
825 2967 1008 3031 persolvere
1028 2965 1129 3014 101021
1152 2967 1175 3012 7.

181 3055 275 3121 peribit
307 3054 382 3103 1144.
415 3053 538 3102 mundum
572 3066 647 3101 omne
699 3054 856 3118 persuade
873 3060 898 3103 et
916 3053 995 3104 transi
1016 3054 1075 3102 700.
1093 3048 1280 3098 mihi...non

97 3157 265 3208 penemque
283 3141 343 3191 458.
733 3141 946 3204 persuadetur
1029 3146 1057 3188 ut
1075 3138 1135 3188 599.

63 3230 88 3279 in
111 3229 259 3295 praeposito
281 3243 336 3292 per
357 3228 434 3277 3300.
459 3241 512 3291 per
534 3233 647 3276 saturem
698 3228 820 3292 pertisum
832 3227 969 3289 hominem,
987 3240 1040 3275 non
1054 3230 1231 3289 pertaesum
1244 3222 1281 3271 di-

96 3317 207 3367 eedilem
240 3316 337 3366 lectum
374 3317 405 3364 17
417 3314 450 3363 Η.
482 3313 557 3364 risire
594 3329 647 3378 per
734 3329 791 3366 cere
810 3320 982 3365 aerumnemst
1000 3327 1063 3376 opus
1082 3312 1141 3361 848.

96 3404 277 3454 commissuras
307 3402 430 3451 rimorum
456 3401 514 3450 189.
539 3400 647 3451 eluviem
698 3403 839 3466 pertinet
857 3402 890 3451 ad
908 3417 961 3451 reru
981 3400 1039 3450 896.

96 3491 182 3542 fucere
199 3505 254 3556 per
272 3496 384 3539 ventrem
403 3488 462 3539 538.
481 3486 545 3538 haec
625 3487 646 3536 si
699 3489 853 3552 pertisum
873 3490 924 3538 848
948 3488 982 3539 of.
1001 3493 1152 3552 pertaesum.

95 3579 166 3630 voles
179 3594 233 3642 per
246 3577 314 3627 euris
331 3583 420 3640 pectus
438 3573 574 3638 inrigarier
587 3575 646 3624 616.
698 3590 774 3625 nemo
793 3576 869 3624 istum
883 3581 995 3625 ventrem
1013 3570 1185 3636 pertundet
1203 3571 1263 3618 908.

96 3666 169 3715 culix
187 3680 240 3730 per
259 3671 342 3715 castre
360 3661 462 3712 eluebat
481 3662 539 3712 869.
698 3661 848 3710 Palinurum
866 3660 1018 3726 pervenio
1038 3661 1080 3710 98.
1179 3665 1182 3670 “

60 3753 207 3818 percitus
226 3752 286 3802 805.
698 3763 843 3812 perverse
861 3763 921 3798 ecre
940 3749 999 3798 738.

59 3840 246 3904 perciperet
264 3833 343 3889 940⁸.
698 3850 750 3898 pes
765 3832 860 3886 1098*.
874 3836 965 3887 timido
978 3835 1048 3885 sedit
1060 3832 1138 3898 pede
1151 3832 1210 3881 805.
1229 3844 1280 3894 pe·

59 3941 214 3990 percrepa
231 3939 345 3991 pugnam
363 3923 460 3989 Popilli
480 3925 539 3974 578.
734 3923 825 3972 derne
844 3919 922 3974 522⁸.
941 3921 1076 3987 pedibus
1159 3915 1281 3981 Sicyonio

59 4020 170 4062 rostrum
182 4012 321 4074 labeueque
339 4011 388 4061 hoc
407 4013 454 4077 (sc.
473 4010 549 4076 iuste)
562 4010 646 4073 Zopy·
734 4009 812 4059 demit
827 4014 901 4062 1188.
915 4011 1011 4074 pedes
1027 4005 1086 4058 lecti
1101 4005 1159 4055 352.
1172 4010 1281 4053 rostrum

93 4099 162 4149 rioni
182 4097 329 4163 percutio
349 4099 408 4149 890.
732 4096 851 4160 prestcri'
862 4097 1013 4160 pedesque
1025 4094 1083 4144 185.
1093 4092 1215 4140 ducentos
1224 4089 1280 4138 lon-

59 4201 110 4236 non
134 4189 240 4249 operam
263 4185 363 4248 perdo
390 4187 448 4237 159.
464 4184 584 4248 tragicus
733 4185 776 4247 gu'
789 4184 881 4247 pedes
895 4185 954 4231 441.
973 4181 1067 4246 pedes
1084 4177 1147 4242 legit
1160 4179 1219 4227 800.
1233 4189 1281 4239 pe·

93 4270 210 4322 carmina
222 4271 330 4335 perdit
342 4272 402 4321 501.
421 4272 465 4334 qui
478 4280 503 4322 te
576 4285 646 4336 per·
734 4269 824 4319 dibus
842 4269 976 4333 perserpsit
988 4266 1087 4330 equinis
1102 4264 1159 4314 163.
1178 4262 1281 4326 iligneir

92 4361 147 4408 dat
166 4361 210 4409 69.
229 4357 364 4422 perdere
384 4374 497 4409 amorem
518 4360 594 4408 1048.
734 4355 864 4421 pedibus
896 4370 1026 4406 cercurum
1058 4353 1160 4403 roboret
1193 4350 1282 4413 aequis

57 4460 121 4510 opus
150 4459 226 4494 omne
255 4444 339 4507 perit
364 4446 425 4493 900.
452 4452 563 4508 pereat
587 4445 646 4494 889.
735 4441 794 4490 874.
822 4441 953 4506 pedibus
978 4439 1084 4490 curiosis
1108 4451 1195 4487 mensa
1221 4437 1280 4488 870.
