3204 5184
568 355 704 408 1·-XXV.
729 356 810 407 XXX
1228 353 1288 416 111

74 527 167 595 *loto
189 524 350 594 sustineas
372 543 510 611 currum,
534 529 570 591 ut
590 525 684 593 bonu'
709 546 807 613 saepe
830 525 977 611 agitator,
1001 543 1164 610 equosque

97 705 179 766 1⁰2⁰·
188 699 301 784 virtus,
324 697 452 783 Albine,
476 703 525 764 est
546 697 682 783 pretium
704 699 890 783 persolvere
912 718 1024 764 verum

184 803 278 887 queis
300 801 335 867 in
356 820 530 886 versamur,
555 800 647 884 queis
669 800 798 868 vivimu'
822 802 910 868 rebu’
934 806 1074 887 potesse,

185 906 291 973 virtus
312 909 361 971 est
382 902 503 970 homini
525 903 606 969 scire
629 901 662 969 id
684 904 771 988 quod
795 924 944 990 quaeque
965 904 1085 970 habeat
1106 922 1167 988 res,

186 1007 289 1075 virtus
312 1008 397 1074 scire
419 1005 540 1071 homini
563 1012 683 1072 rectum
705 1007 784 1074 utile
807 1007 885 1092 quid
907 1008 949 1074 sit
969 1006 1147 1091 honestum,

186 1131 272 1196 quae
294 1111 381 1177 bona
401 1128 486 1194 quae
508 1109 596 1174 mala
616 1109 703 1200 item,
727 1109 804 1195 quid
825 1111 938 1177 inutile
959 1115 1054 1196 turpe
1075 1109 1289 1195 inhonestum,

184 1214 289 1282 virtus
313 1210 519 1300 quaerendae
541 1211 638 1280 finem
659 1233 694 1279 re
718 1214 801 1280 scire
822 1214 1026 1298 modumque,

187 1317 290 1386 virtus
314 1315 437 1383 divitiis
459 1315 598 1401 pretium
619 1316 804 1402 persolvere
825 1337 931 1404 posse,

186 1421 291 1488 virtus
313 1418 348 1484 id
371 1417 450 1485 dare
473 1417 559 1502 quod
581 1437 616 1484 re
638 1419 711 1505 ipsa
733 1418 867 1486 debetur
888 1421 1013 1505 honori,

185 1523 311 1591 bostem
333 1541 404 1588 esse
427 1527 523 1605 atque
543 1521 707 1587 inimicum
730 1521 895 1589 hominum
916 1543 1105 1606 morumque
1122 1522 1290 1607 malorum,

186 1632 300 1692 contra
322 1624 524 1692 defensorem
545 1623 707 1692 hominum
730 1647 918 1713 morumque
940 1627 1105 1713 bonorum,

186 1729 396 1814 magnificare
417 1729 487 1814 hos,
510 1727 561 1795 his
582 1727 664 1795 bene
687 1731 781 1817 velle,
805 1731 856 1799 his
877 1732 988 1799 vivere
1010 1731 1157 1810 amicum,

188 1831 358 1902 commoda
379 1836 549 1918 praeterea
570 1832 696 1916 patriae
718 1833 780 1900 sibi
802 1836 907 1920 prima
926 1841 1051 1921 putare,

187 1934 306 2002 deiude
328 1940 506 2022 parentum,
529 1937 625 2002 tertia
644 1935 709 2002 iam
731 1943 956 2022 postremaque
978 1942 1099 2004 nostra.

94 2109 274 2173 roaobnune
296 2127 372 2174 vero
394 2127 532 2175 amane
554 2107 597 2174 ad
619 2113 754 2195 noctem,
778 2109 860 2177 festo
883 2115 980 2195 atque
997 2108 1142 2195 profesto

188 2215 274 2277 totus
297 2211 373 2276 item
395 2211 581 2298 pariterque
603 2210 657 2278 die
678 2213 881 2298 populusque
902 2218 1078 2298 patresque

188 2314 310 2381 iactare
332 2312 412 2379 indu
435 2313 505 2379 foro
528 2335 564 2382 se
586 2333 708 2400 omnes,
733 2314 891 2382 desedere
913 2335 1081 2398 nusquam,

188 2418 245 2484 uui
267 2438 304 2485 se
326 2425 422 2502 atque
445 2418 549 2485 eidem
571 2417 678 2484 studio
702 2437 813 2484 omnes
837 2418 956 2486 dedere
977 2423 1009 2484 et
1031 2417 1102 2500 arti,

188 2521 291 2590 verba
313 2521 392 2588 dare
414 2526 448 2586 ut
470 2526 562 2586 caute
584 2519 718 2605 possint,
741 2541 888 2606 pugnare
911 2522 1035 2608 dolose,

189 2622 349 2691 blanditia
373 2628 504 2708 certare,
529 2622 647 2688 bonum
670 2622 823 2691 simulare
845 2626 949 2692 virum
972 2646 1017 2711 se,

188 2727 325 2793 insidias
347 2725 465 2810 facere,
488 2731 524 2790 ut
546 2725 575 2791 si
595 2723 704 2792 hostes
729 2728 793 2793 sint
816 2729 964 2795 omnibus
988 2748 1108 2795 omnes.

78 2901 112 2957 ιι,
125 2883 183 2960 8,1
205 2880 267 2942 “Et
280 2884 356 2944 scito
372 2883 529 2944 Curionem
550 2881 771 2962 adulescentem
790 2885 908 2945 venisse
923 2885 962 2944 ad
976 2903 1021 2945 me
1039 2885 1206 2945 salutatum,
1233 2883 1294 2943 val-

80 2977 118 3037 de
140 2976 205 3036 eius
225 2995 321 3037 sermo
343 2978 379 3037 de
393 2979 501 3039 Publio
523 2996 589 3037 cum
609 2977 668 3036 tuis
684 2977 789 3037 litteris
805 2980 1002 3054 congruebat;
1022 2979 1086 3056 ipse
1102 2996 1172 3037 vero
1186 2979 1292 3040 miran-

79 3071 151 3131 dnm
171 3071 203 3130 in
221 3072 341 3132 modum
361 3072 457 3149 ‘reges
478 3072 577 3132 odisse
599 3072 780 3148 superbos’.''
820 3074 1063 3149 Conferx1,342.

161 3168 246 3227 1020.
287 3168 393 3228 Cicero
408 3185 455 3246 ep.
470 3168 509 3228 ad
525 3167 658 3228 Atticum
671 3187 735 3243 xm,
747 3170 823 3244 21,3
844 3167 930 3228 “Nec
951 3171 998 3228 est
1017 3168 1121 3227 melius
1135 3168 1294 3244 quicquam

80 3279 171 3340 quam
194 3268 229 3321 ut
247 3263 382 3322 Lucullus
405 3263 542 3341 (labilius
561 3263 742 3340 Malaspina)
764 3263 923 3324 ‘sustineas
938 3310 944 3324 .
958 3309 964 3322 .
976 3307 982 3320 .
995 3261 1183 3341 equosque'.''
1217 3261 1295 3322 Oon·

80 3357 126 3417 fer
146 3355 247 3416 Acad.
264 3356 356 3434 prior.
369 3375 401 3434 u,
413 3358 461 3434 29,
476 3357 515 3416 94
534 3356 638 3416 “Nihil
658 3375 703 3418 me
724 3357 827 3434 laedit,
848 3358 953 3436 inquit,
974 3375 1031 3432 ego
1052 3357 1127 3416 euim
1148 3361 1181 3415 ut
1200 3355 1294 3430 agita-

80 3458 129 3511 tor
148 3451 276 3511 callidus
297 3451 380 3528 prius
401 3469 489 3528 quam
510 3450 656 3511 adfinem
677 3453 801 3530 veniam,
822 3471 916 3531 equos
938 3451 1102 3522 sustinebo,
1125 3465 1219 3544 eoque
1233 3466 1293 3506 ma·

81 3545 139 3623 gis,
159 3545 185 3608 si
205 3547 290 3606 locus
309 3547 346 3623 is,
367 3563 425 3624 quo
446 3546 578 3606 ferentur
597 3545 681 3623 equi,
698 3565 844 3625 praeceps
865 3547 946 3607 erit.’'

161 3641 261 3702 102011.
301 3640 478 3701 Lactantius
498 3640 588 3700 instit.
600 3660 640 3717 vr,
656 3643 718 3718 5,2
739 3640 960 3719 “Quaecunque
981 3643 1080 3700 autem
1099 3640 1129 3697 in
1150 3637 1293 3698 definitio·
1341 3655 1343 3662 ·

82 3753 148 3796 nem
168 3735 286 3796 virtutis
307 3735 405 3796 solent
425 3734 535 3810 dicere,
555 3733 660 3810 paucis
680 3734 814 3796 versibus
836 3737 951 3813 colligit
966 3742 997 3796 et
1015 3739 1134 3795 enarrat
1146 3733 1294 3803 Lucilius;

83 3848 159 3910 quos
184 3831 262 3890 malo
287 3829 424 3907 equidem
450 3845 578 3907 ponere,
601 3830 728 3890 nedum
750 3831 904 3891 multorum
930 3831 1093 3892 sententias
1115 3829 1217 3888 refello
1241 3827 1295 3884 sim

83 3926 200 4003 longior
224 3943 313 4003 quam
333 3941 458 3986 necesse
484 3929 544 3984 est:
566 3921 668 3984 ‘virtus
685 3928 879 3986 ...nostra’.'’
920 3927 1031 3988 Confer
1052 3923 1162 3985 ibidem
1182 3939 1207 3980 c.
1222 3921 1250 3993 6,
1266 3921 1292 3978 7.

89 4022 132 4082 10.
155 4021 201 4080 18.
710 4018 713 4022 ’
1099 4013 1103 4022 ’

160 4115 260 4176 lotor.
302 4114 479 4176 Lactantius
500 4113 592 4176 instit.
604 4133 631 4190 v,
643 4116 670 4191 9,
682 4116 719 4174 20
740 4115 824 4174 “Sed
845 4123 875 4176 et
894 4114 1026 4174 Lucilius
1047 4109 1236 4170 tenebrosam
1255 4105 1293 4168 is·
1358 4165 1365 4176 ,

84 4215 142 4268 tam
164 4209 256 4270 vitam
278 4209 499 4286 circumscripte
519 4209 707 4286 breviterque
725 4209 861 4286 depinxit
875 4210 921 4268 his
936 4206 1071 4268 versibus
1092 4203 1179 4262 ‘nunc
1194 4247 1200 4260 .
1213 4247 1219 4261 .
1233 4209 1294 4262 .to·

85 4311 132 4364 tus
151 4306 223 4364 item
243 4303 311 4380 (toto
330 4307 424 4364 itidem
444 4305 536 4366 Ianus
556 4304 672 4379 Densa)
688 4303 882 4362 ...omnes'.'’

164 4436 260 4494 1020¹.
300 4433 347 4492 De
367 4435 427 4495 ab
447 4433 549 4494 confer
569 4429 608 4491 ad
630 4451 655 4492 ι.
669 4432 706 4489 33
727 4435 757 4489 et
776 4429 833 4488 223
853 4434 884 4488 et
906 4427 971 4488 ost.
