3204 5184
293 374 335 441 72
845 377 953 429 xxvn

397 565 469 612 cum
479 544 543 612 mci
554 545 869 632 meadeuntscrvuli,
883 566 948 612 nen
956 546 1119 612 dominam
1128 566 1190 630 ege
1199 547 1360 632 appellem
1375 550 1514 614 meam?

310 741 360 801 646
400 739 435 800 at
456 734 572 801 metuis
593 753 689 819 perro
711 754 753 800 ne
775 742 909 820 aspectu
931 737 963 798 et
985 731 1090 798 ferma
1112 733 1243 817 capiare
1265 735 1384 802 altera.

400 921 434 988 id
450 920 627 988 concedere
642 943 741 988 unum
755 928 855 1007 atquc
870 922 905 988 in
925 941 964 988 ee
980 920 1070 1005 dare,
1094 940 1158 1006 que
1174 929 1354 1010 superatur,
1379 945 1514 992 manua.

401 1113 488 1176 certa
508 1115 598 1194 sunt,
621 1110 692 1177 sine
714 1110 918 1195 detrimento,
942 1128 1025 1194 quae
1047 1108 1132 1175 inter
1154 1129 1225 1176 sese
1248 1112 1467 1179 commodent

399 1297 487 1384 qued
508 1299 536 1366 si
557 1284 723 1386 paulisper
745 1303 875 1385 captare
897 1303 995 1394 atque
1017 1297 1190 1365 observare
1211 1299 1292 1366 haec
1313 1302 1477 1387 volueris,

399 1504 468 1551 rem
491 1506 669 1570 cognoscas
690 1486 786 1552 simul
808 1492 839 1552 et
861 1484 953 1552 dictis
977 1483 1118 1550 animum
1140 1485 1290 1552 attendas
1312 1490 1463 1574 postule·

313 1680 365 1741 656
401 1641 509 1740 tamen
532 1681 588 1742 aut
610 1695 745 1742 vermca
766 1681 822 1741 aut
844 1673 974 1741 cicatrix
997 1673 1104 1740 medie
1126 1673 1266 1759 papulae
1291 1673 1458 1742 differunt.

402 1883 437 1930 re
459 1863 492 1930 in
514 1862 658 1930 secunda
677 1862 790 1927 tollere
812 1861 952 1949 animes,
977 1863 1010 1927 in
1031 1863 1118 1928 mala
1141 1862 1319 1929 demittere.

795 2113 798 2118 ,
1174 2068 1236 2132 ege
1258 2049 1402 2116 animam

403 2153 574 2240 proiciam,
596 2160 631 2221 ut
652 2174 704 2220 me
725 2174 835 2220 amere
857 2151 1051 2239 expediam?

375 2343 440 2402 644.
479 2342 597 2402 Nonius
624 2360 653 2419 p.
667 2344 734 2418 238,
753 2344 791 2402 21
818 2341 1004 2418 “Appellare
1030 2346 1076 2400 est
1100 2340 1284 2399 familiariter
1309 2341 1514 2417 respendere.

296 2436 429 2497 Lucilius
449 2437 500 2499 lib.
515 2455 600 2495 xxvrr
621 2436 697 2496 ‘enm
717 2438 774 2496 mei
789 2483 795 2496 .
808 2483 815 2497 .
828 2482 835 2496 .
848 2435 976 2494 maam'.''

377 2531 443 2590 645.
482 2530 598 2591 Neuius
619 2550 648 2608 p.
658 2534 724 2606 263,
741 2533 778 2590 23
800 2529 949 2606 “Capera
971 2527 1118 2604 decipere,
1140 2527 1362 2612 circumvenire.
1453 2531 1515 2588 Lu-

299 2623 384 2684 cilius
403 2625 454 2683 lib.
467 2642 553 2684 xxvu
573 2622 614 2682 ‘at
628 2670 635 2683 .
648 2670 654 2683 .
668 2671 675 2683 .
688 2624 816 2686 altera'.''

376 2719 441 2778 646.
480 2718 511 2777 N
513 2718 598 2778 onius
612 2736 642 2795 p.
650 2716 747 2793 alac
766 2717 973 2789 “concedere,
988 2714 1109 2776 credere
1127 2716 1173 2774 vel
1186 2717 1364 2776 consentire.
1387 2763 1434 2776 ...
1452 2717 1514 2777 Lu-

300 2813 384 2874 cilius
402 2815 454 2874 lib.
467 2833 553 2872 xxvu
574 2813 617 2870 ‘m
637 2812 801 2873 concedere
817 2810 1014 2871 ...manus'.”

375 2907 441 2968 647.
481 2907 598 2969 Nonius
621 2925 651 2987 p.
661 2907 729 2983 266,
751 2910 786 2966 12
812 2905 1032 2966 “commodare
1057 2908 1105 2964 est
1130 2903 1269 2962 mutuari.
1302 2902 1439 2964 Lucilius
1462 2905 1515 2966 lib.

301 3022 387 3062 rnrvrr
407 3001 499 3064 ‘certa
514 3048 521 3062 .
534 3048 540 3060 .
552 3048 559 3062 .
570 3001 790 3062 commedent'.’'

376 3098 441 3158 648.
480 3095 512 3155 N
513 3097 598 3156 onius
612 3116 640 3174 p.
652 3095 718 3171 275,
732 3097 768 3154 19
782 3092 942 3170 “Captara
959 3109 1082 3169 capere.
1107 3089 1240 3150 Lucilius
1254 3090 1304 3149 lib.
1317 3109 1403 3150 xxvu
1419 3092 1518 3171 ‘qued

303 3191 328 3251 si
344 3235 369 3251 ..
382 3238 388 3251 .
400 3189 565 3250 velueris'.’'

380 3285 445 3354 649.
484 3283 602 3343 Nonius
616 3300 645 3359 p.
654 3284 720 3357 238,
732 3284 772 3342 62
786 3281 971 3342 “Attendere
985 3285 1034 3340 est
1046 3279 1207 3364 intendere.
1224 3264 1260 3339 ...
1272 3279 1350 3339 idem
1365 3281 1415 3340 lib.
1423 3301 1516 3342 xxvu

303 3379 385 3457 (elim
404 3376 543 3455 impressi
558 3389 643 3450 surr,
665 3393 725 3434 neu
744 3377 858 3451 Iunius,
879 3393 937 3434 nen
957 3374 1125 3450 Mercerus)
1147 3373 1217 3432 ‘rem
1231 3419 1237 3433 .
1250 3420 1257 3434 .
1269 3375 1433 3450 .pestale'.'’

377 3472 462 3532 Idem
483 3490 512 3549 p.
526 3468 592 3546 275,
604 3472 639 3528 21
662 3469 878 3546 “Cognoscere
898 3467 1081 3543 ostendite,
1102 3467 1271 3528 aestimare.
1304 3468 1437 3528 Lucilius
1461 3471 1515 3529 lib.
1561 3513 1563 3518 -

299 3581 377 3623 nur
394 3566 464 3626 ‘rem
484 3574 629 3643 cepaeecat
643 3607 649 3623 .
662 3609 668 3621 .
682 3610 688 3622 .
700 3564 845 3624 adtendas
866 3563 1020 3640 postulo'.”

377 3663 442 3721 656.
482 3659 598 3719 Nonius
613 3677 642 3736 p.
653 3659 720 3735 284,
735 3660 783 3724 36,
801 3657 961 3731 “Differre‚
988 3657 1108 3716 distare.
1205 3656 1338 3716 Lucilius
1360 3657 1410 3717 lib.
1424 3677 1517 3715 xxvu

302 3753 410 3815 ‘amen
430 3771 515 3811 anrrr
533 3770 658 3813 verruca
671 3797 678 3811 .
690 3798 697 3812 .
710 3796 716 3811 .
729 3771 844 3810 maeres
864 3752 974 3830 papule
995 3750 1169 3810 differunt’.''

379 3848 446 3906 661.
484 3845 600 3906 Neuius
618 3864 646 3922 p.
658 3847 753 3920 286,6
775 3845 967 3921 “Dimissum,
988 3843 1105 3919 humile,
1125 3843 1333 3919 miserandum,
1356 3846 1517 3908 abiectum.

303 3939 499 4002 ...Lucilius
518 3940 570 3998 lib.
585 3959 671 3998 xxvu
692 3939 733 3998 ‘re
753 3940 783 3998 iu
799 3940 970 4000 ...animos
990 3959 1030 3996 nr
1049 3940 1078 3998 in
1100 3940 1179 4000 mala
1199 3939 1369 3999 dimittere’.”

378 4036 443 4095 662.
483 4033 599 4093 Nonius
625 4051 654 4109 p.
670 4034 737 4109 296,
756 4035 795 4094 24
820 4033 1010 4111 “Expedire,
1036 4033 1106 4092 utile
1133 4051 1208 4093 esse.
1303 4035 1437 4094 Lucilius
1460 4037 1516 4096 lib.

300 4148 386 4189 xxvrr
407 4129 474 4206 ‘ege
494 4147 570 4187 nuru
589 4146 629 4185 au
649 4147 710 4186 nnn
730 4144 838 4185 nrcrau
858 4133 891 4187 ut
911 4146 956 4187 mc
977 4146 1083 4185 amana
1104 4127 1296 4204 expediam'.”

381 4293 446 4352 660.
486 4292 641 4354 Mercerus
665 4294 770 4352 Temere
789 4302 841 4351 aar
858 4312 975 4352 caraea
988 4303 1038 4352 eat
1049 4295 1171 4364 uicaria,
1191 4311 1301 4365 aeaeae,
1315 4297 1440 4372 papulae
1455 4299 1514 4375 dis.

297 4372 411 4447 seruat.
439 4370 491 4428 sed
511 4373 627 4430 mediam
642 4371 767 4447 papulae
789 4369 896 4429 Celsus
917 4369 1001 4429 dixit.

380 4446 446 4506 662.
485 4446 601 4510 Nonius
619 4450 688 4509 lece
710 4448 805 4508 aliene
827 4448 963 4525 posuisse
982 4447 1115 4508 videtum
1135 4447 1348 4528 interpretatus
1369 4455 1414 4508 est
1431 4451 1516 4510 enim
