3196 5174
845 318 974 354 incussa

413 477 581 554 Porphyrio
603 475 641 534 ad
662 474 780 532 Horatii
801 491 916 532 sermn
931 475 958 548 3,
970 475 1008 532 41
1030 470 1180 530 “Primum
1195 471 1350 547 inquiram.
1380 469 1505 530 Ostendit

413 571 484 648 qnid
505 572 545 631 sit
564 572 653 644 furor,
673 576 706 628 ut
726 565 886 628 Lucilius.’'

412 769 556 830 Horatius
584 783 749 827 sermonum
768 783 799 840 ιι,
822 767 847 838 1,
866 765 904 824 30
925 763 1007 826 “Ille
1028 764 1108 823 velut
1132 761 1199 822 fidis
1226 777 1338 821 areana
1364 759 1503 820 sodalibus

413 865 481 923 olim
498 862 651 923 Credebat
671 860 765 935 libris,
786 876 891 937 neque,
913 859 938 918 si
952 860 1029 918 male
1044 862 1185 932 cesserat,
1206 873 1333 933 usquam
1347 855 1502 914 Decurrens

412 958 485 1033 alio,
507 955 603 1033 neque
625 954 649 1014 si
670 953 773 1016 bene.’'
876 951 1044 1028 Porphyrio
1066 950 1147 1011 “Ille
1168 950 1294 1012 enimin
1316 949 1379 1009 suis
1399 948 1503 1024 seriptis

413 1043 545 1112 oster'rdit
560 1049 733 1128 Sapphonis
747 1054 778 1108 et
788 1048 893 1106 Alcaei
909 1046 1057 1106 volumina
1069 1063 1101 1106 se
1112 1048 1179 1106 loco
1190 1046 1336 1108 sodalium
1350 1042 1503 1104 habuisse.”

509 1148 591 1205 Acro
612 1147 643 1204 et
663 1147 876 1203 commentator
898 1140 1087 1218 Gruquianus
1106 1149 1137 1217 p.
1149 1140 1220 1200 403ἱι
1241 1139 1319 1199 “Ille
1341 1140 1423 1198 velut
1442 1137 1503 1198 fidis.

413 1237 481 1298 Hoc
496 1238 629 1298 Lucilius
651 1255 688 1296 ex
703 1239 895 1297 Anacreonte
910 1234 1028 1296 Graeco
1050 1233 1170 1313 (omittit
1186 1231 1291 1310 Cruq.)
1312 1232 1405 1294 traxit
1419 1238 1450 1292 et
1460 1229 1502 1290 Al·

417 1350 490 1392 oaeo
511 1331 608 1409 (addit
629 1332 797 1409 Sapphoquc
812 1327 940 1405 uranon)
961 1328 1069 1405 lyricis,
1091 1347 1166 1406 quos
1187 1327 1228 1389 ait
1240 1325 1442 1388 Aristoxenus
1460 1326 1503 1387 lib·

416 1426 456 1485 ris
477 1426 606 1505 propriis
628 1427 787 1486 amioomm
806 1426 874 1486 looo
894 1441 965 1488 neos
986 1423 1078 1485 esse.’'

415 1624 524 1684 Curius
541 1624 772 1684 Fortunatianus
793 1624 894 1684 rhetor
912 1623 961 1682 lib.
973 1642 1007 1680 111
1027 1641 1057 1700 p.
1069 1625 1107 1682 92
1127 1621 1228 1697 “Quid
1247 1621 1296 1681 hic
1316 1620 1397 1682 aliud
1416 1619 1503 1680 obser·

417 1719 571 1780 vabimusl
592 1735 670 1797 quae
690 1721 782 1780 rerba
802 1718 897 1794 magis
919 1717 1056 1778 sonantia
1075 1717 1143 1792 sint,
1162 1733 1199 1776 ea
1211 1716 1310 1794 potius
1327 1716 1503 1790 collocemus,

414 1831 490 1890 quae
507 1812 640 1873 Lucilius
661 1805 785 1892 adpone
806 1813 949 1891 appellat,
969 1811 1000 1870 id
1020 1817 1067 1871 est
1080 1811 1167 1888 quasi
1180 1810 1304 1870 vocalia.
1326 1816 1360 1870 nt
1372 1827 1426 1887 pro
1440 1810 1503 1870 (loe-

416 1908 457 1966 lio
479 1907 569 1968 ‘aliud
590 1909 647 1967 tori
667 1908 764 1967 lumen
785 1915 840 1983 est,
862 1906 945 1968 alind
964 1906 1154 1984 lychnorum,
1174 1925 1240 1966 cum
1259 1905 1410 1983 potuisset
1428 1904 1504 1964 etiam

417 2005 558 2064 structins
580 2002 678 2063 dicere
699 2001 789 2061 ‘aliud
809 2001 1029 2062 lucernarum'.”

416 2200 538 2260 Servius
558 2199 597 2258 ad
610 2198 765 2259 Aeneidos
776 2218 838 2274 vm,
849 2200 887 2259 83
908 2197 1123 2276 “Conspicitur
1143 2215 1201 2260 sus.
1228 2197 1373 2258 Horatius
1393 2197 1432 2258 ‘et
1444 2196 1502 2257 ami·

416 2314 452 2355 ca
480 2295 543 2354 luto
569 2292 637 2354 sus'.
673 2293 825 2354 sciendum
850 2299 948 2354 tamen
967 2293 1026 2355 hoc
1049 2311 1115 2354 esso
1136 2291 1287 2368 vitiosum,
1312 2291 1502 2369 monosyllabo

419 2389 494 2449 finiri
507 2406 638 2462 rersnm;
660 2387 716 2448 nisi
731 2389 806 2448 forte
822 2389 888 2465 ipso
903 2389 1108 2466 monosyllabo
1127 2388 1241 2448 minora
1259 2388 1442 2465 explicentur
1452 2383 1503 2444 ani-

420 2485 523 2558 malia,
544 2492 576 2543 nt
596 2483 770 2560 ‘parturient
790 2489 918 2558 montes,
939 2489 1078 2543 nascetur
1097 2483 1240 2544 ridiculus
1260 2481 1343 2544 mus!
1373 2478 1503 2558 gratiores

417 2579 495 2636 enim
516 2595 619 2636 versus
639 2577 690 2638 isti
710 2583 780 2638 sunt
801 2576 963 2638 secundnm
983 2577 1156 2638 Lucilium.”
1236 2648 1239 2654 ,

415 2775 536 2836 Servius
557 2774 597 2835 ad
617 2773 771 2834 Aeneidos
790 2793 831 2849 rx,
851 2771 908 2834 513
930 2774 1070 2836 “Caenea
1091 2774 1226 2852 Turnus,
1247 2774 1365 2836 Turnus
1385 2776 1454 2852 Ityn.
1473 2778 1502 2832 ut

415 2871 457 2930 ait
476 2869 609 2929 Lucilius
631 2868 751 2928 ‘bonurn
771 2869 892 2929 schema
911 2877 958 2931 est
979 2871 1115 2947 quotiens
1137 2887 1242 2931 sensus
1264 2873 1394 2934 variatur
1411 2872 1439 2930 in
1455 2872 1500 2930 ite·

414 2965 529 3024 ratione
550 2965 722 3037 verborum,
744 2967 774 3024 et
791 2963 822 3022 in
842 2963 899 3023 fine
919 2963 1034 3042 positus
1055 2964 1205 3042 sequentis
1226 2965 1259 3026 lit
1278 2968 1441 3036 exordium
1457 2963 1500 3043 qui

421 3059 590 3135 appellatur
610 3056 752 3118 climax'.'’

415 3255 535 3316 Servius
563 3256 603 3316 ad
622 3256 774 3317 Aeneidos
792 3274 856 3330 vm,
877 3257 895 3315 9
921 3253 1107 3318 “Diomedes
1132 3263 1292 3336 postquam
1317 3260 1443 3338 repperit
1462 3258 1499 3316 ira

416 3351 542 3410 Veneris
568 3369 586 3411 a
612 3369 643 3410 se
671 3351 843 3412 vulneratae
869 3368 991 3410 uxorem
1014 3352 1191 3428 Aegialeam
1217 3353 1298 3430 apud
1323 3357 1421 3430 Argos
1443 3368 1496 3411 cnm

415 3444 575 3521 Oyllabaro
602 3451 635 3505 ut
660 3444 792 3505 Lucilius
819 3447 866 3504 vel
888 3445 1013 3506 Cometa
1037 3452 1070 3506 ut
1089 3447 1223 3525 plerique
1249 3447 1372 3508 tradunt
1391 3446 1497 3524 turpiter

333 3531 337 3538 “
415 3540 514 3598 vivere
535 3539 630 3600 noluit
648 3540 757 3600 reverti
778 3540 818 3601 ad
837 3539 991 3618 patriam.''

413 3727 518 3788 Cicero
540 3726 576 3786 de
596 3728 646 3792 tiu.
667 3729 735 3788 bon.
757 3731 788 3788 et
807 3730 875 3790 mal.
890 3747 919 3804 v,
938 3731 985 3805 30,
1000 3733 1037 3790 92
1063 3728 1127 3792 “At
1146 3729 1203 3791 hoc
1222 3731 1253 3790 in
1273 3748 1310 3791 eo
1330 3734 1369 3791 M.
1392 3731 1494 3799 Crasso,

415 3839 501 3900 quem
522 3823 613 3880 semel
633 3823 675 3881 ait
698 3823 729 3882 in
752 3823 814 3884 rita
834 3823 936 3884 risisse
958 3825 1107 3902 Lucilius,
1132 3808 1353 3904 uon'contigin
1378 3833 1408 3888 ut
1425 3843 1456 3885 ea
1471 3838 1495 3881 re

413 3918 508 3976 minus
530 3902 708 3993 ἀγέλαστος,
729 3922 760 3978 ut
780 3918 929 3994 nitidem,
950 3919 1131 3980 vocaretur.''
1208 3920 1295 3980 Idem
1316 3918 1494 3982 ’.111111111-

415 4015 478 4090 put.
490 4029 532 4085 ιιι,
550 4011 595 4085 15,
609 4011 646 4068 31
669 4009 754 4070 “Nec
768 4029 839 4072 vero
855 4030 891 4073 ea
904 4013 985 4074 frons
1007 4020 1080 4089 erat,
1102 4031 1178 4090 quae
1197 4016 1237 4076 M.
1252 4015 1357 4077 Crassi
1370 4017 1441 4075 illius
1458 4029 1495 4074 re·

413 4107 494 4180 toris,
515 4123 601 4182 quem
623 4106 715 4166 semel
736 4106 777 4166 ait
796 4106 826 4164 in
841 4107 993 4166 omnirita
1011 4108 1115 4168 risisse
1130 4108 1290 4169 Lucilius.''
1366 4109 1494 4172 Asconius

413 4201 505 4260 falsus
525 4201 555 4258 in
582 4199 729 4259 actionem
748 4220 758 4256 1
777 4201 808 4260 in
828 4200 953 4260 Verrem
971 4204 989 4262 5
1009 4220 1039 4280 p.
1056 4205 1111 4264 128
1132 4203 1210 4264 Bait.
1231 4203 1342 4266 ‘Semel
1367 4205 1407 4266 ait
1429 4201 1494 4264 sein

412 4294 474 4354 vita
491 4294 693 4372 pertimuisse!
727 4292 795 4354 “Ex
817 4294 921 4355 eodem
942 4313 1032 4356 sensu
1051 4304 1110 4375 est,
1136 4299 1217 4377 quod
1238 4301 1329 4360 semel
1347 4301 1377 4361 in
1397 4299 1451 4360 vita
1465 4293 1493 4354 u'·

413 4387 489 4448 sisse
510 4387 654 4451 Crassum
674 4389 777 4451 scribit
792 4388 953 4452 Lucilius.''
995 4388 1108 4456 (lenter
1121 4392 1310 4456 Macrobium
1330 4394 1427 4471 Satn,
1441 4394 1463 4468 1,
1471 4390 1492 4448 6.
