3204 5184
564 369 699 422 I—XXV.
724 371 804 424 XXX

97 537 119 581 *
187 557 207 604 0
230 537 372 625 lapatho,
395 544 432 606 ut
452 538 582 624 iactare,
606 560 665 607 nec
687 561 722 606 es
745 543 814 608 seti’
842 542 982 626 cognitu’
1009 545 1064 628 qui
1087 545 1148 610 sisl

95 642 168 707 root
191 640 225 708 in
247 661 310 725 quo
333 640 456 707 Laeliu’
477 641 642 727 clamores,
666 643 774 734 σοφὸς
795 645 860 728 ille,
884 643 1009 711 solebat
1110 711 1119 727 ,

187 742 293 828 edere,
318 744 504 830 conpellans
527 745 652 826 gumias
674 767 714 811 ex
738 747 850 813 ordine
873 753 1009 814 nostros.

187 845 216 912 ‘o
239 845 343 931 Publi,
367 866 386 911 o
409 865 538 931 gurges,
563 848 704 934 Galloni,
728 869 763 915 es
786 849 881 914 homo
905 850 1010 916 miser’
1032 852 1147 934 inquit.

187 947 320 1015 ‘oenasti
341 950 376 1014 in
398 949 466 1015 vita
487 968 661 1032 numquam
684 950 774 1038 bene,
801 971 871 1018 cum
894 954 1004 1019 omnia
1026 954 1060 1019 in
1083 955 1146 1020 ista

188 1051 350 1117 consumis
374 1051 493 1140 squilla
514 1057 610 1135 atque
633 1052 821 1137 acipensere
844 1074 914 1121 oum
938 1055 1127 1124 decumano.

74 1240 165 1306 *1⁰⁰5
355 1321 357 1326 λ
568 1259 572 1266 ·
834 1245 917 1312 bene
940 1251 1039 1332 cocto,

187 1342 327 1430 condito,
350 1363 496 1410 sermone
521 1343 615 1429 bono,
640 1349 680 1428 et,
704 1345 732 1410 si
756 1347 888 1433 quaeri’,
911 1348 1057 1416 libenter.

96 1531 118 1575 ’¹‘
184 1533 265 1617 quid
288 1532 397 1601 deeius
420 1528 635 1600 nuculam'an
658 1533 815 1600 confixum
838 1536 887 1603 vis
911 1535 1017 1604 tacere
1039 1539 1153 1624 inquit.

156 1819 223 1879 999.
258 1820 341 1879 1005.
384 1816 492 1878 Cicero
503 1818 551 1878 ne
572 1819 619 1878 tin.
634 1820 703 1880 bon.
719 1826 749 1880 et
768 1821 837 1881 mal.
852 1807 883 1897 11,
898 1824 924 1897 8,
940 1822 985 1879 24.
1000 1823 1038 1881 25
1059 1821 1144 1882 “Nec
1158 1821 1217 1896 ille,
1239 1822 1290 1899 qui

73 1911 245 1989 Diogenem
259 1911 393 1973 Stoicum
408 1913 594 1988 adulescens,
609 1921 679 1990 post
692 1922 789 1974 autem
805 1915 980 1976 Panaetium
995 1915 1140 1992 audierat,
1159 1915 1291 1990 Laelius,
1408 1983 1409 1987 Ἰ

74 2025 113 2066 eo
135 2006 234 2068 dictus
254 2015 302 2068 est
327 2009 447 2085 sapiens
474 2009 555 2085 quod
582 2027 640 2068 non
668 2009 855 2084 intellegeret
880 2009 951 2087 quid
980 2011 1184 2070 suavissimum
1209 2013 1293 2074 esset

74 2100 145 2179 (nec
167 2102 243 2160 enim
264 2103 398 2179 sequitur
419 2108 461 2178 at,
485 2103 533 2162 eui
554 2121 605 2162 cor
625 2103 733 2179 sapiat,
752 2102 779 2161 ei
800 2121 859 2161 non
876 2104 975 2180 sapiat
989 2104 1133 2181 palatus),
1154 2104 1208 2164 sed
1221 2105 1292 2181 quia

73 2196 166 2274 parvi
186 2195 218 2254 id
238 2196 370 2256 duceret.
402 2196 430 2254 ‘o
453 2197 576 2272 lapathe
591 2197 810 2258 ...necessatis
838 2198 961 2274 cognitu
987 2200 1038 2276 qui
1064 2199 1104 2258 sis
1120 2198 1290 2274 ...gumias

74 2291 138 2366 (sic
160 2290 319 2351 Palatinus
346 2279 473 2367 primns,
499 2311 613 2368 promas
633 2291 838 2366 Erlangensis,
857 2312 954 2369 pamas
974 2292 1036 2369 alii)
1058 2310 1095 2350 ex
1115 2293 1218 2352 ordine
1239 2310 1290 2352 no·

74 2385 177 2446 stros'.
202 2385 356 2462 praeclare
371 2385 501 2462 Laelius,
517 2392 548 2445 et
560 2392 641 2446 recte
656 2383 762 2466 σοφός.
790 2385 922 2462 illudque
941 2403 1008 2446 vere
1026 2385 1052 2444 ‘o
1068 2386 1196 2464 Publi..
1210 2433 1216 2447 .
1230 2388 1288 2448 aci·
1356 2419 1361 2425 -

75 2496 206 2556 pensem
220 2478 370 2556 (commarca
382 2499 446 2538 aare
463 2481 619 2541 Palatinus
636 2480 758 2556 primus,
773 2481 908 2539 accubant
921 2500 984 2538 ocra
999 2479 1208 2557 llrlangensis)
1223 2499 1290 2541 cum

75 2573 261 2633 decamano'.
287 2574 313 2632 is
334 2573 407 2634 haec
428 2575 561 2660 loquitur
578 2575 637 2651 qni,
657 2574 687 2632 in
708 2575 861 2651 voluptate
879 2574 950 2633 nihil
969 2581 1205 2658 ponens,negat
1225 2594 1290 2636 eum

73 2669 153 2729 bene
174 2685 281 2727 cenare
302 2667 353 2745 qni
374 2670 470 2728 omnia
484 2675 579 2747 ponat
591 2670 621 2729 in
637 2670 803 2746 voluptate:
827 2674 970 2728 ettamen
984 2687 1042 2728 non
1057 2675 1148 2744 negat
1163 2670 1291 2729 libenter

74 2781 217 2840 umquam
242 2779 365 2822 cenasse
387 2762 556 2824 Gallonium
578 2763 761 2840 (mentiretur
780 2762 879 2841 enim),
903 2764 956 2823 sed
977 2764 1062 2822 bene.
1093 2764 1136 2823 ita
1161 2764 1291 2840 graviter

75 2865 106 2917 et
126 2874 230 2917 severe
252 2857 435 2934 voluptatem
456 2856 584 2917 secernit
604 2876 622 2916 a
641 2858 728 2916 bono.
758 2875 796 2916 ex
816 2876 875 2935 quo
894 2845 966 2917 illuri
989 2858 1123 2930 efficitur,
1145 2858 1195 2935 qui
1215 2860 1290 2918 bene

76 2957 201 3028 cenent,
223 2968 324 3010 omnes
344 2950 471 3011 libenter
491 2969 612 3028 cenare,
632 2952 682 3029 qui
704 2951 839 3027 libenter,
859 2969 918 3010 uon
940 2952 1081 3011 continuo
1099 2952 1184 3011 bene.
1216 2969 1290 3012 sem·

75 3064 130 3123 per
152 3045 279 3106 Laelius
301 3046 385 3108 bene.
411 3046 482 3124 quid
503 3045 597 3106 bonel
618 3045 699 3106 dicet
712 3045 863 3118 Luciliuss
883 3045 988 3122 boeto,
1009 3045 1146 3105 condito'.
1172 3045 1225 3104 sed
1243 3062 1289 3104 oe-

77 3141 115 3200 do
141 3145 235 3216 caput
257 3157 362 3200 cenae:
389 3140 533 3200 ‘sermone
559 3140 654 3200 bono'.
685 3141 756 3216 quid
780 3159 817 3200 ex
841 3138 897 3199 eo?
926 3139 962 3199 ‘si
985 3139 1119 3217 quaeris,
1140 3139 1289 3199 libenter’:

76 3235 218 3295 veniebat
239 3234 316 3293 enim
341 3233 380 3294 ad
406 3251 509 3293 cenam
532 3240 565 3293 ut
589 3235 688 3294 animo
708 3235 808 3311 quieto
829 3234 952 3294 satiaret
973 3233 1121 3293 desideria
1142 3235 1291 3294 naturae.”

156 3333 239 3389 Acro
263 3328 303 3387 ad
323 3329 441 3388 Horatii
465 3346 629 3388 sermonum
654 3347 686 3404 rr,
701 3326 777 3402 247
801 3327 931 3388 ‘Galloni
955 3329 1113 3404 praeconis
1139 3330 1206 3386 erat
1230 3328 1290 3387 aci·

76 3441 204 3502 pensare
225 3440 330 3482 mensa
349 3422 492 3484 Infamis’.
529 3422 705 3482 “Gallonius
726 3422 846 3498 quidam
867 3421 922 3481 fuit
942 3438 1067 3497 praeco,
1089 3422 1139 3497 qui
1159 3419 1291 3480 habebat

78 3522 253 3595 apparatum
273 3517 446 3577 convivium.
480 3534 567 3595 quem
586 3516 720 3575 Lucilius
742 3515 830 3575 etiam
850 3517 958 3593 pulsat.
993 3514 1040 3572 hic
1062 3515 1150 3573 etiam
1172 3514 1290 3590 acipen-

78 3631 173 3672 serem
194 3613 256 3672 suis
277 3612 421 3672 conviviis
442 3610 630 3671 exhibebat.''
725 3609 830 3670 Cicero
851 3609 936 3687 epist.
968 3609 1007 3669 ad
1028 3608 1161 3669 Atticum
1174 3627 1239 3686 xm,
1252 3611 1289 3669 52

78 3705 206 3783 “Itaque
226 3710 257 3766 et
276 3704 339 3764 odit
364 3711 395 3765 et
414 3705 491 3765 bibit
511 3699 611 3774 ἀδεῶς
632 3708 662 3763 ct
682 3704 825 3779 iucunde,
847 3705 970 3781 opipare
991 3720 1063 3763 sane
1084 3709 1114 3763 et
1135 3710 1290 3780 apparate,

76 3817 133 3860 neo
152 3800 184 3858 id
206 3800 310 3874 solum,
335 3799 387 3858 sed
408 3798 493 3860 ‘bene
515 3804 616 3871 cocto,
638 3798 768 3873 condito,
790 3815 924 3857 sermone
947 3797 1034 3872 bono,
1056 3805 1095 3872 ct,
1117 3797 1142 3856 si
1162 3797 1289 3874 quaeris,

78 3893 238 3954 libenter?
455 3959 458 3964 ,
1010 3963 1037 3970 Η

155 3984 240 4048 1007.
283 3984 391 4045 Cicero
413 3986 450 4046 de
472 3993 589 4048 oratore
604 3987 762 4063 11,62‚253
784 3985 957 4062 “Ambigua
978 3987 1090 4060 suntin
1103 3985 1204 4062 primis
1220 4003 1287 4044 acu-

81 4085 112 4141 ta
131 4087 220 4158 atque
240 4081 270 4140 in
292 4082 384 4141 verbo
403 4082 512 4158 posita,
533 4100 592 4144 non
606 4082 636 4141 in
650 4099 681 4140 re
696 4080 872 4140 ...utillud
888 4081 1032 4155 Africani,
1054 4080 1135 4156 quod
1148 4086 1195 4140 est
1207 4078 1287 4156 apud

82 4175 237 4252 Lucilium,
258 4174 340 4253 ‘quid
356 4176 541 4254 ...inquit'.'’
606 4200 611 4206 ·

80 4340 279 4354 w

156 4434 221 4493 999.
241 4430 362 4492 *cont
377 4449 480 4492 comm.
496 4432 527 4490 in
547 4430 635 4490 Luor.
656 4448 685 4507 p.
702 4433 749 4494 29.
