<?xml version="1.0" encoding="UTF-8"?>
<!DOCTYPE html PUBLIC "-//W3C//DTD XHTML 1.0 Transitional//EN"
    "http://www.w3.org/TR/xhtml1/DTD/xhtml1-transitional.dtd">
<html xmlns="http://www.w3.org/1999/xhtml" xml:lang="en" lang="en">
 <head>
  <title>
</title>
<meta http-equiv="Content-Type" content="text/html;charset=utf-8" />
  <meta name='ocr-system' content='tesseract 3.04.00' />
  <meta name='ocr-capabilities' content='ocr_page ocr_carea ocr_par ocr_line ocrx_word'/>
</head>
<body>
  <div class='ocr_page' id='page_1' title='image "./saturarum02lucigoog_0039.png"; bbox 0 0 3202 5180; ppageno 0'>
   <div class='ocr_carea' id='block_1_1' title="bbox 312 321 940 386">
    <p class='ocr_par' dir='ltr' id='par_1_1' title="bbox 312 321 940 386">
     <span class='ocr_line' id='line_1_1' title="bbox 312 321 940 386; baseline -0.002 0"><span class='ocrx_word' id='word_1_1' title='bbox 312 321 353 386; x_wconf 86' lang='grc'>26</span> <span class='ocrx_word' id='word_1_2' title='bbox 886 322 940 372; x_wconf 78' lang='lat' dir='ltr'>vn</span> 
     </span>
    </p>
   </div>
   <div class='ocr_carea' id='block_1_2' title="bbox 388 487 1233 580">
    <p class='ocr_par' dir='ltr' id='par_1_2' title="bbox 388 487 1233 580">
     <span class='ocr_line' id='line_1_2' title="bbox 388 487 1233 580; baseline 0 -23"><span class='ocrx_word' id='word_1_3' title='bbox 388 487 389 490; x_wconf 63' lang='grc'>’</span> <span class='ocrx_word' id='word_1_4' title='bbox 422 492 579 558; x_wconf 77' lang='lat' dir='ltr'><strong>fautorem</strong></span> <span class='ocrx_word' id='word_1_5' title='bbox 602 489 760 576; x_wconf 76' lang='lat' dir='ltr'>ostendat,</span> <span class='ocrx_word' id='word_1_6' title='bbox 785 490 854 580; x_wconf 79' lang='lat' dir='ltr'>fore</span> <span class='ocrx_word' id='word_1_7' title='bbox 875 489 1012 556; x_wconf 90' lang='lat' dir='ltr'>amicum</span> <span class='ocrx_word' id='word_1_8' title='bbox 1035 489 1233 575; x_wconf 86' lang='lat' dir='ltr'>polliceatur.</span> 
     </span>
    </p>
   </div>
   <div class='ocr_carea' id='block_1_3' title="bbox 333 651 1483 762">
    <p class='ocr_par' dir='ltr' id='par_1_3' title="bbox 333 651 1483 762">
     <span class='ocr_line' id='line_1_3' title="bbox 333 651 1483 762; baseline -0.004 -13"><span class='ocrx_word' id='word_1_9' title='bbox 333 689 385 749; x_wconf 75' lang='grc'>210</span> <span class='ocrx_word' id='word_1_10' title='bbox 420 681 504 746; x_wconf 88' lang='lat' dir='ltr'>huno</span> <span class='ocrx_word' id='word_1_11' title='bbox 526 678 655 762; x_wconf 89' lang='lat' dir='ltr'>molere,</span> <span class='ocrx_word' id='word_1_12' title='bbox 679 678 767 743; x_wconf 92' lang='lat' dir='ltr'>illam</span> <span class='ocrx_word' id='word_1_13' title='bbox 791 684 899 744; x_wconf 91' lang='lat' dir='ltr'>autem</span> <span class='ocrx_word' id='word_1_14' title='bbox 921 682 955 743; x_wconf 87' lang='lat' dir='ltr'>ut</span> <span class='ocrx_word' id='word_1_15' title='bbox 977 651 1169 742; x_wconf 84' lang='lat' dir='ltr'>frumentum</span> <span class='ocrx_word' id='word_1_16' title='bbox 1192 697 1335 744; x_wconf 83' lang='lat' dir='ltr'>vennere</span> <span class='ocrx_word' id='word_1_17' title='bbox 1355 680 1483 745; x_wconf 92' lang='lat' dir='ltr'>lumbis.</span> 
     </span>
    </p>
   </div>
   <div class='ocr_carea' id='block_1_4' title="bbox 422 863 1388 1157">
    <p class='ocr_par' dir='ltr' id='par_1_4' title="bbox 422 863 1388 1157">
     <span class='ocr_line' id='line_1_4' title="bbox 423 863 1388 951; baseline 0.001 -22"><span class='ocrx_word' id='word_1_18' title='bbox 423 865 506 930; x_wconf 93' lang='lat' dir='ltr'>hanc</span> <span class='ocrx_word' id='word_1_19' title='bbox 527 866 581 933; x_wconf 88' lang='lat' dir='ltr'>uhi</span> <span class='ocrx_word' id='word_1_20' title='bbox 604 866 673 932; x_wconf 92' lang='lat' dir='ltr'>vult</span> <span class='ocrx_word' id='word_1_21' title='bbox 693 866 778 931; x_wconf 92' lang='lat' dir='ltr'>male</span> <span class='ocrx_word' id='word_1_22' title='bbox 800 866 928 949; x_wconf 86' lang='lat' dir='ltr'>habere,</span> <span class='ocrx_word' id='word_1_23' title='bbox 950 863 1059 930; x_wconf 87' lang='lat' dir='ltr'>ulcisci</span> <span class='ocrx_word' id='word_1_24' title='bbox 1081 881 1140 946; x_wconf 90' lang='lat' dir='ltr'>pro</span> <span class='ocrx_word' id='word_1_25' title='bbox 1163 866 1285 930; x_wconf 88' lang='lat' dir='ltr'>scelere</span> <span class='ocrx_word' id='word_1_26' title='bbox 1308 865 1388 951; x_wconf 82' lang='lat' dir='ltr'>eius,</span> 
     </span>
     <span class='ocr_line' id='line_1_5' title="bbox 422 964 1364 1052; baseline -0.001 -19"><span class='ocrx_word' id='word_1_27' title='bbox 422 973 536 1036; x_wconf 84' lang='lat' dir='ltr'>testam</span> <span class='ocrx_word' id='word_1_28' title='bbox 558 969 655 1035; x_wconf 91' lang='lat' dir='ltr'>sumit</span> <span class='ocrx_word' id='word_1_29' title='bbox 675 969 769 1034; x_wconf 93' lang='lat' dir='ltr'>homo</span> <span class='ocrx_word' id='word_1_30' title='bbox 792 969 934 1034; x_wconf 85' lang='lat' dir='ltr'>Samiam</span> <span class='ocrx_word' id='word_1_31' title='bbox 956 967 1027 1049; x_wconf 89' lang='lat' dir='ltr'>sibi,</span> <span class='ocrx_word' id='word_1_32' title='bbox 1051 964 1226 1049; x_wconf 75' lang='lat' dir='ltr'>‘enopheld’</span> <span class='ocrx_word' id='word_1_33' title='bbox 1250 965 1364 1052; x_wconf 90' lang='lat' dir='ltr'>inquit,</span> 
     </span>
     <span class='ocr_line' id='line_1_6' title="bbox 422 1067 1282 1157; baseline -0.005 -21"><span class='ocrx_word' id='word_1_34' title='bbox 422 1070 579 1155; x_wconf 80' lang='lat' dir='ltr'>praecidit</span> <span class='ocrx_word' id='word_1_35' title='bbox 601 1072 725 1137; x_wconf 88' lang='lat' dir='ltr'>caulem</span> <span class='ocrx_word' id='word_1_36' title='bbox 746 1071 900 1157; x_wconf 87' lang='lat' dir='ltr'>testisque</span> <span class='ocrx_word' id='word_1_37' title='bbox 922 1090 987 1137; x_wconf 87' lang='lat' dir='ltr'>una</span> <span class='ocrx_word' id='word_1_38' title='bbox 1009 1074 1155 1153; x_wconf 88' lang='lat' dir='ltr'>amputat</span> <span class='ocrx_word' id='word_1_39' title='bbox 1176 1067 1282 1133; x_wconf 89' lang='lat' dir='ltr'>ambo.</span> 
     </span>
    </p>
   </div>
   <div class='ocr_carea' id='block_1_5' title="bbox 336 1256 1395 1444">
    <p class='ocr_par' dir='ltr' id='par_1_5' title="bbox 336 1256 1395 1444">
     <span class='ocr_line' id='line_1_7' title="bbox 422 1256 1395 1341; baseline 0.003 -20"><span class='ocrx_word' id='word_1_40' title='bbox 422 1256 501 1321; x_wconf 83' lang='lat' dir='ltr'>dini.</span> <span class='ocrx_word' id='word_1_41' title='bbox 546 1256 588 1321; x_wconf 87' lang='lat' dir='ltr'>ad</span> <span class='ocrx_word' id='word_1_42' title='bbox 609 1256 800 1341; x_wconf 86' lang='lat' dir='ltr'>principium</span> <span class='ocrx_word' id='word_1_43' title='bbox 822 1258 926 1322; x_wconf 90' lang='lat' dir='ltr'>venlo.</span> <span class='ocrx_word' id='word_1_44' title='bbox 971 1258 1111 1324; x_wconf 87' lang='lat' dir='ltr'>vetulam</span> <span class='ocrx_word' id='word_1_45' title='bbox 1133 1260 1230 1341; x_wconf 90' lang='lat' dir='ltr'>atque</span> <span class='ocrx_word' id='word_1_46' title='bbox 1253 1257 1395 1324; x_wconf 81' lang='lat' dir='ltr'><strong>virosam</strong></span> 
     </span>
     <span class='ocr_line' id='line_1_8' title="bbox 336 1355 1344 1444; baseline 0 -21"><span class='ocrx_word' id='word_1_47' title='bbox 336 1364 403 1423; x_wconf 77' lang='lat' dir='ltr'>aa·</span> <span class='ocrx_word' id='word_1_48' title='bbox 423 1355 555 1424; x_wconf 80' lang='lat' dir='ltr'>uxorem</span> <span class='ocrx_word' id='word_1_49' title='bbox 577 1357 711 1424; x_wconf 80' lang='lat' dir='ltr'>caedam</span> <span class='ocrx_word' id='word_1_50' title='bbox 733 1359 838 1444; x_wconf 89' lang='lat' dir='ltr'>potius</span> <span class='ocrx_word' id='word_1_51' title='bbox 860 1380 956 1442; x_wconf 90' lang='lat' dir='ltr'>quam</span> <span class='ocrx_word' id='word_1_52' title='bbox 979 1365 1114 1425; x_wconf 87' lang='lat' dir='ltr'>castrcm</span> <span class='ocrx_word' id='word_1_53' title='bbox 1136 1365 1264 1443; x_wconf 82' lang='lat' dir='ltr'>egomet</span> <span class='ocrx_word' id='word_1_54' title='bbox 1284 1380 1344 1442; x_wconf 87' lang='lat' dir='ltr'>me.</span> 
     </span>
    </p>
   </div>
   <div class='ocr_carea' id='block_1_6' title="bbox 423 1545 1285 1632">
    <p class='ocr_par' dir='ltr' id='par_1_6' title="bbox 423 1545 1285 1632">
     <span class='ocr_line' id='line_1_9' title="bbox 423 1545 1285 1632; baseline 0.005 -21"><span class='ocrx_word' id='word_1_55' title='bbox 423 1567 464 1612; x_wconf 89' lang='lat' dir='ltr'>ne</span> <span class='ocrx_word' id='word_1_56' title='bbox 486 1547 661 1613; x_wconf 80' lang='lat' dir='ltr'>auriculam</span> <span class='ocrx_word' id='word_1_57' title='bbox 685 1545 812 1612; x_wconf 85' lang='lat' dir='ltr'>obsidat</span> <span class='ocrx_word' id='word_1_58' title='bbox 834 1548 946 1631; x_wconf 87' lang='lat' dir='ltr'>caries,</span> <span class='ocrx_word' id='word_1_59' title='bbox 969 1567 1011 1613; x_wconf 92' lang='lat' dir='ltr'>ne</span> <span class='ocrx_word' id='word_1_60' title='bbox 1033 1547 1199 1614; x_wconf 84' lang='lat' dir='ltr'>vermiculi</span> <span class='ocrx_word' id='word_1_61' title='bbox 1221 1549 1285 1632; x_wconf 89' lang='lat' dir='ltr'>qui.</span> 
     </span>
    </p>
   </div>
   <div class='ocr_carea' id='block_1_7' title="bbox 424 1733 1307 1819">
    <p class='ocr_par' dir='ltr' id='par_1_7' title="bbox 424 1733 1307 1819">
     <span class='ocr_line' id='line_1_10' title="bbox 424 1733 1307 1819; baseline 0.006 -21"><span class='ocrx_word' id='word_1_62' title='bbox 424 1738 562 1799; x_wconf 89' lang='lat' dir='ltr'>aetatem</span> <span class='ocrx_word' id='word_1_63' title='bbox 585 1739 616 1800; x_wconf 91' lang='lat' dir='ltr'>et</span> <span class='ocrx_word' id='word_1_64' title='bbox 638 1733 763 1819; x_wconf 84' lang='lat' dir='ltr'>faciem,</span> <span class='ocrx_word' id='word_1_65' title='bbox 787 1741 822 1800; x_wconf 87' lang='lat' dir='ltr'>nt</span> <span class='ocrx_word' id='word_1_66' title='bbox 843 1754 925 1819; x_wconf 84' lang='lat' dir='ltr'>saga</span> <span class='ocrx_word' id='word_1_67' title='bbox 947 1741 978 1800; x_wconf 92' lang='lat' dir='ltr'>et</span> <span class='ocrx_word' id='word_1_68' title='bbox 999 1737 1086 1802; x_wconf 90' lang='lat' dir='ltr'>bona</span> <span class='ocrx_word' id='word_1_69' title='bbox 1107 1737 1307 1803; x_wconf 83' lang='lat' dir='ltr'>conciliatrix</span> 
     </span>
    </p>
   </div>
   <div class='ocr_carea' id='block_1_8' title="bbox 315 1959 1521 4208">
    <p class='ocr_par' dir='ltr' id='par_1_8' title="bbox 316 1959 1520 2228">
     <span class='ocr_line' id='line_1_11' title="bbox 318 1959 1519 2035; baseline 0.006 -20"><span class='ocrx_word' id='word_1_70' title='bbox 318 1965 395 2029; x_wconf 88' lang='lat' dir='ltr'>sunt,</span> <span class='ocrx_word' id='word_1_71' title='bbox 416 1977 474 2018; x_wconf 92' lang='lat' dir='ltr'>uon</span> <span class='ocrx_word' id='word_1_72' title='bbox 488 1959 583 2035; x_wconf 84' lang='lat' dir='ltr'>faciei,</span> <span class='ocrx_word' id='word_1_73' title='bbox 605 1961 646 2020; x_wconf 91' lang='lat' dir='ltr'>uti</span> <span class='ocrx_word' id='word_1_74' title='bbox 662 1978 738 2019; x_wconf 91' lang='lat' dir='ltr'>nunc</span> <span class='ocrx_word' id='word_1_75' title='bbox 752 1959 868 2034; x_wconf 71' lang='lat' dir='ltr'>dicitur,</span> <span class='ocrx_word' id='word_1_76' title='bbox 889 1960 942 2020; x_wconf 90' lang='lat' dir='ltr'>sed</span> <span class='ocrx_word' id='word_1_77' title='bbox 963 1961 1039 2020; x_wconf 88' lang='lat' dir='ltr'>facie</span> <span class='ocrx_word' id='word_1_78' title='bbox 1060 1961 1205 2021; x_wconf 85' lang='lat' dir='ltr'>dixerunt.</span> <span class='ocrx_word' id='word_1_79' title='bbox 1294 1963 1373 2022; x_wconf 91' lang='lat' dir='ltr'>idem</span> <span class='ocrx_word' id='word_1_80' title='bbox 1390 1965 1519 2024; x_wconf 80' lang='lat' dir='ltr'>Lucilius</span> 
     </span>
     <span class='ocr_line' id='line_1_12' title="bbox 316 2050 1520 2133; baseline 0.005 -25"><span class='ocrx_word' id='word_1_81' title='bbox 316 2051 346 2108; x_wconf 90' lang='lat' dir='ltr'>in</span> <span class='ocrx_word' id='word_1_82' title='bbox 372 2050 446 2112; x_wconf 89' lang='lat' dir='ltr'>libro</span> <span class='ocrx_word' id='word_1_83' title='bbox 468 2054 608 2130; x_wconf 84' lang='lat' dir='ltr'>septimo:</span> <span class='ocrx_word' id='word_1_84' title='bbox 628 2055 688 2132; x_wconf 86' lang='lat' dir='ltr'>‘qui</span> <span class='ocrx_word' id='word_1_85' title='bbox 710 2061 868 2116; x_wconf 79' lang='lat' dir='ltr'>...aetatis</span> <span class='ocrx_word' id='word_1_86' title='bbox 889 2053 987 2132; x_wconf 82' lang='lat' dir='ltr'>(aetati</span> <span class='ocrx_word' id='word_1_87' title='bbox 1012 2055 1080 2114; x_wconf 91' lang='lat' dir='ltr'>olim</span> <span class='ocrx_word' id='word_1_88' title='bbox 1102 2055 1251 2133; x_wconf 83' lang='lat' dir='ltr'>impressi)</span> <span class='ocrx_word' id='word_1_89' title='bbox 1338 2059 1520 2118; x_wconf 66' lang='lat' dir='ltr'>ostendatis</span> 
     </span>
     <span class='ocr_line' id='line_1_13' title="bbox 317 2145 985 2228; baseline 0.006 -25"><span class='ocrx_word' id='word_1_90' title='bbox 317 2146 356 2218; x_wconf 80' lang='lat' dir='ltr'>(ec</span> <span class='ocrx_word' id='word_1_91' title='bbox 376 2145 444 2204; x_wconf 86' lang='lat' dir='ltr'>olim</span> <span class='ocrx_word' id='word_1_92' title='bbox 466 2146 606 2225; x_wconf 87' lang='lat' dir='ltr'>deletum)</span> <span class='ocrx_word' id='word_1_93' title='bbox 627 2152 690 2210; x_wconf 86' lang='lat' dir='ltr'>fore</span> <span class='ocrx_word' id='word_1_94' title='bbox 775 2150 985 2228; x_wconf 75' lang='lat' dir='ltr'>polliceatnd.”</span> 
     </span>
    </p>

    <p class='ocr_par' dir='ltr' id='par_1_9' title="bbox 317 2242 1520 2880">
     <span class='ocr_line' id='line_1_14' title="bbox 394 2242 1518 2321; baseline 0.005 -23"><span class='ocrx_word' id='word_1_95' title='bbox 394 2242 459 2299; x_wconf 84' lang='lat'>230.</span> <span class='ocrx_word' id='word_1_96' title='bbox 499 2242 615 2304; x_wconf 91' lang='lat' dir='ltr'>Nonius</span> <span class='ocrx_word' id='word_1_97' title='bbox 637 2263 665 2321; x_wconf 88' lang='lat' dir='ltr'>p.</span> <span class='ocrx_word' id='word_1_98' title='bbox 684 2248 728 2320; x_wconf 82' lang='lat' dir='ltr'>lu,</span> <span class='ocrx_word' id='word_1_99' title='bbox 743 2247 781 2304; x_wconf 85' lang='grc'>24</span> <span class='ocrx_word' id='word_1_100' title='bbox 802 2243 995 2305; x_wconf 86' lang='lat' dir='ltr'>“Evannetur</span> <span class='ocrx_word' id='word_1_101' title='bbox 1016 2245 1126 2304; x_wconf 87' lang='lat' dir='ltr'>dictum</span> <span class='ocrx_word' id='word_1_102' title='bbox 1146 2251 1192 2304; x_wconf 86' lang='lat' dir='ltr'>est</span> <span class='ocrx_word' id='word_1_103' title='bbox 1212 2246 1368 2306; x_wconf 86' lang='lat' dir='ltr'>ventiletur</span> <span class='ocrx_word' id='word_1_104' title='bbox 1394 2249 1442 2305; x_wconf 88' lang='lat' dir='ltr'>vel</span> <span class='ocrx_word' id='word_1_105' title='bbox 1467 2264 1518 2304; x_wconf 91' lang='lat' dir='ltr'>mo·</span> 
     </span>
     <span class='ocr_line' id='line_1_15' title="bbox 317 2334 1519 2416; baseline 0.003 -25"><span class='ocrx_word' id='word_1_106' title='bbox 317 2341 420 2394; x_wconf 89' lang='lat' dir='ltr'>veatur</span> <span class='ocrx_word' id='word_1_107' title='bbox 441 2334 541 2413; x_wconf 91' lang='lat' dir='ltr'>(immo</span> <span class='ocrx_word' id='word_1_108' title='bbox 561 2341 735 2398; x_wconf 80' lang='lat' dir='ltr'>ventilabitur</span> <span class='ocrx_word' id='word_1_109' title='bbox 754 2340 988 2416; x_wconf 71' lang='lat' dir='ltr'>retroceditur),</span> <span class='ocrx_word' id='word_1_110' title='bbox 1009 2357 1027 2398; x_wconf 90' lang='lat' dir='ltr'>a</span> <span class='ocrx_word' id='word_1_111' title='bbox 1048 2357 1144 2396; x_wconf 88' lang='lat' dir='ltr'>vaunu</span> <span class='ocrx_word' id='word_1_112' title='bbox 1166 2340 1291 2414; x_wconf 84' lang='lat' dir='ltr'>(cocao),</span> <span class='ocrx_word' id='word_1_113' title='bbox 1312 2340 1342 2398; x_wconf 90' lang='lat' dir='ltr'>in</span> <span class='ocrx_word' id='word_1_114' title='bbox 1363 2358 1424 2416; x_wconf 90' lang='lat' dir='ltr'>qna</span> <span class='ocrx_word' id='word_1_115' title='bbox 1445 2343 1519 2414; x_wconf 85' lang='lat' dir='ltr'>legu-</span> 
     </span>
     <span class='ocr_line' id='line_1_16' title="bbox 317 2429 1519 2510; baseline 0.002 -24"><span class='ocrx_word' id='word_1_116' title='bbox 317 2429 395 2487; x_wconf 89' lang='lat' dir='ltr'>mina</span> <span class='ocrx_word' id='word_1_117' title='bbox 416 2432 601 2492; x_wconf 88' lang='lat' dir='ltr'>ventilantur.</span> <span class='ocrx_word' id='word_1_118' title='bbox 637 2433 819 2509; x_wconf 84' lang='lat' dir='ltr'>Pomponius</span> <span class='ocrx_word' id='word_1_119' title='bbox 840 2433 1040 2492; x_wconf 82' lang='lat' dir='ltr'>Paunuceatis</span> <span class='ocrx_word' id='word_1_120' title='bbox 1061 2432 1142 2492; x_wconf 80' lang='lat' dir='ltr'>‘Dixi</span> <span class='ocrx_word' id='word_1_121' title='bbox 1161 2451 1217 2510; x_wconf 85' lang='lat' dir='ltr'>ego</span> <span class='ocrx_word' id='word_1_122' title='bbox 1238 2433 1311 2492; x_wconf 92' lang='lat' dir='ltr'>illud</span> <span class='ocrx_word' id='word_1_123' title='bbox 1331 2434 1477 2494; x_wconf 88' lang='lat' dir='ltr'>futurum:</span> <span class='ocrx_word' id='word_1_124' title='bbox 1497 2433 1519 2490; x_wconf 87' lang='lat' dir='ltr'>in</span> 
     </span>
     <span class='ocr_line' id='line_1_17' title="bbox 318 2525 1519 2605; baseline 0.002 -24"><span class='ocrx_word' id='word_1_125' title='bbox 318 2525 412 2598; x_wconf 86' lang='lat' dir='ltr'>prima</span> <span class='ocrx_word' id='word_1_126' title='bbox 438 2527 525 2586; x_wconf 85' lang='lat' dir='ltr'>valva</span> <span class='ocrx_word' id='word_1_127' title='bbox 549 2539 594 2586; x_wconf 90' lang='lat' dir='ltr'>est</span> <span class='ocrx_word' id='word_1_128' title='bbox 614 2529 752 2602; x_wconf 84' lang='lat' dir='ltr'>(fortasse</span> <span class='ocrx_word' id='word_1_129' title='bbox 772 2532 801 2586; x_wconf 83' lang='lat' dir='ltr'>tc</span> <span class='ocrx_word' id='word_1_130' title='bbox 826 2533 904 2604; x_wconf 79' lang='lat' dir='ltr'>spica</span> <span class='ocrx_word' id='word_1_131' title='bbox 925 2529 1012 2604; x_wconf 77' lang='lat' dir='ltr'>palso</span> <span class='ocrx_word' id='word_1_132' title='bbox 1032 2538 1084 2598; x_wconf 84' lang='lat' dir='ltr'>cet,</span> <span class='ocrx_word' id='word_1_133' title='bbox 1110 2535 1224 2586; x_wconf 89' lang='lat' dir='ltr'>amator</span> <span class='ocrx_word' id='word_1_134' title='bbox 1243 2529 1361 2605; x_wconf 90' lang='lat' dir='ltr'>puellae</span> <span class='ocrx_word' id='word_1_135' title='bbox 1383 2528 1519 2586; x_wconf 85' lang='lat' dir='ltr'>adhaeret</span> 
     </span>
     <span class='ocr_line' id='line_1_18' title="bbox 319 2619 1520 2698; baseline 0 -21"><span class='ocrx_word' id='word_1_136' title='bbox 319 2628 351 2678; x_wconf 90' lang='lat' dir='ltr'>ut</span> <span class='ocrx_word' id='word_1_137' title='bbox 378 2619 478 2695; x_wconf 81' lang='lat' dir='ltr'>spicae</span> <span class='ocrx_word' id='word_1_138' title='bbox 504 2623 619 2698; x_wconf 86' lang='lat' dir='ltr'>palea),</span> <span class='ocrx_word' id='word_1_139' title='bbox 646 2622 695 2680; x_wconf 83' lang='lat' dir='ltr'>vix</span> <span class='ocrx_word' id='word_1_140' title='bbox 721 2622 804 2682; x_wconf 88' lang='lat' dir='ltr'>heret</span> <span class='ocrx_word' id='word_1_141' title='bbox 826 2623 931 2680; x_wconf 90' lang='lat' dir='ltr'>misera</span> <span class='ocrx_word' id='word_1_142' title='bbox 952 2621 1031 2697; x_wconf 87' lang='lat' dir='ltr'>(lege</span> <span class='ocrx_word' id='word_1_143' title='bbox 1051 2621 1153 2697; x_wconf 83' lang='lat' dir='ltr'>miser).</span> <span class='ocrx_word' id='word_1_144' title='bbox 1193 2624 1380 2697; x_wconf 87' lang='lat' dir='ltr'>Evannotnr‚</span> <span class='ocrx_word' id='word_1_145' title='bbox 1406 2631 1438 2680; x_wconf 91' lang='lat' dir='ltr'>et</span> <span class='ocrx_word' id='word_1_146' title='bbox 1462 2638 1520 2680; x_wconf 87' lang='lat' dir='ltr'>mea</span> 
     </span>
     <span class='ocr_line' id='line_1_19' title="bbox 319 2713 1520 2794; baseline 0 -23"><span class='ocrx_word' id='word_1_147' title='bbox 319 2714 401 2772; x_wconf 89' lang='lat' dir='ltr'>ocius</span> <span class='ocrx_word' id='word_1_148' title='bbox 423 2713 521 2788; x_wconf 87' lang='lat' dir='ltr'>(immo</span> <span class='ocrx_word' id='word_1_149' title='bbox 543 2717 638 2792; x_wconf 80' lang='lat' dir='ltr'>otium)</span> <span class='ocrx_word' id='word_1_150' title='bbox 659 2735 751 2794; x_wconf 91' lang='lat' dir='ltr'>opera</span> <span class='ocrx_word' id='word_1_151' title='bbox 772 2720 805 2775; x_wconf 89' lang='lat' dir='ltr'>ut</span> <span class='ocrx_word' id='word_1_152' title='bbox 824 2716 876 2776; x_wconf 88' lang='lat' dir='ltr'>fiat</span> <span class='ocrx_word' id='word_1_153' title='bbox 895 2716 1013 2776; x_wconf 86' lang='lat' dir='ltr'>fecero’.</span> <span class='ocrx_word' id='word_1_154' title='bbox 1047 2717 1179 2775; x_wconf 90' lang='lat' dir='ltr'>Lucilius</span> <span class='ocrx_word' id='word_1_155' title='bbox 1201 2722 1291 2774; x_wconf 89' lang='lat' dir='ltr'>satur.</span> <span class='ocrx_word' id='word_1_156' title='bbox 1311 2716 1361 2774; x_wconf 92' lang='lat' dir='ltr'>lib.</span> <span class='ocrx_word' id='word_1_157' title='bbox 1377 2735 1418 2771; x_wconf 83' lang='lat' dir='ltr'>vn</span> <span class='ocrx_word' id='word_1_158' title='bbox 1440 2715 1520 2773; x_wconf 86' lang='lat' dir='ltr'>‘hunc</span> 
     </span>
     <span class='ocr_line' id='line_1_20' title="bbox 319 2809 1045 2880; baseline 0 -13"><span class='ocrx_word' id='word_1_159' title='bbox 319 2809 426 2867; x_wconf 89' lang='lat' dir='ltr'>molere</span> <span class='ocrx_word' id='word_1_160' title='bbox 447 2827 515 2866; x_wconf 78' lang='lat' dir='ltr'>runs</span> <span class='ocrx_word' id='word_1_161' title='bbox 600 2829 728 2872; x_wconf 83' lang='lat' dir='ltr'>vennere</span> <span class='ocrx_word' id='word_1_162' title='bbox 750 2831 815 2868; x_wconf 82' lang='lat' dir='ltr'>non</span> <span class='ocrx_word' id='word_1_163' title='bbox 836 2811 917 2868; x_wconf 87' lang='lat' dir='ltr'>vrs&#39;.”</span> <span class='ocrx_word' id='word_1_164' title='bbox 1043 2875 1045 2880; x_wconf 50' lang='grc'>,</span> 
     </span>
    </p>

    <p class='ocr_par' dir='ltr' id='par_1_10' title="bbox 318 2903 1520 3247">
     <span class='ocr_line' id='line_1_21' title="bbox 393 2903 1520 2983; baseline -0.003 -21"><span class='ocrx_word' id='word_1_165' title='bbox 393 2906 459 2964; x_wconf 89' lang='grc'>231.</span> <span class='ocrx_word' id='word_1_166' title='bbox 499 2904 614 2964; x_wconf 86' lang='lat' dir='ltr'>Nouius</span> <span class='ocrx_word' id='word_1_167' title='bbox 635 2925 664 2983; x_wconf 91' lang='lat' dir='ltr'>p.</span> <span class='ocrx_word' id='word_1_168' title='bbox 679 2909 745 2980; x_wconf 81' lang='lat'><strong>398,</strong></span> <span class='ocrx_word' id='word_1_169' title='bbox 759 2908 795 2964; x_wconf 88' lang='grc'>31</span> <span class='ocrx_word' id='word_1_170' title='bbox 817 2903 968 2964; x_wconf 89' lang='lat' dir='ltr'>“Samium</span> <span class='ocrx_word' id='word_1_171' title='bbox 988 2921 1088 2963; x_wconf 89' lang='lat' dir='ltr'>rursus</span> <span class='ocrx_word' id='word_1_172' title='bbox 1110 2910 1241 2978; x_wconf 80' lang='lat' dir='ltr'>acutum3</span> <span class='ocrx_word' id='word_1_173' title='bbox 1262 2903 1341 2962; x_wconf 91' lang='lat' dir='ltr'>unde</span> <span class='ocrx_word' id='word_1_174' title='bbox 1356 2912 1386 2963; x_wconf 92' lang='lat' dir='ltr'>et</span> <span class='ocrx_word' id='word_1_175' title='bbox 1401 2905 1520 2963; x_wconf 86' lang='lat' dir='ltr'>samiare</span> 
     </span>
     <span class='ocr_line' id='line_1_22' title="bbox 319 2997 1520 3078; baseline 0.001 -23"><span class='ocrx_word' id='word_1_176' title='bbox 319 2997 443 3056; x_wconf 90' lang='lat' dir='ltr'>dicimus</span> <span class='ocrx_word' id='word_1_177' title='bbox 466 2997 580 3072; x_wconf 85' lang='lat' dir='ltr'>acuere,</span> <span class='ocrx_word' id='word_1_178' title='bbox 602 3000 682 3076; x_wconf 91' lang='lat' dir='ltr'>quod</span> <span class='ocrx_word' id='word_1_179' title='bbox 703 3000 732 3058; x_wconf 93' lang='lat' dir='ltr'>in</span> <span class='ocrx_word' id='word_1_180' title='bbox 748 2999 837 3062; x_wconf 86' lang='lat' dir='ltr'>Samo</span> <span class='ocrx_word' id='word_1_181' title='bbox 858 2997 914 3056; x_wconf 90' lang='lat' dir='ltr'>hoe</span> <span class='ocrx_word' id='word_1_182' title='bbox 935 3015 1029 3072; x_wconf 84' lang='lat' dir='ltr'>genus</span> <span class='ocrx_word' id='word_1_183' title='bbox 1051 2999 1123 3058; x_wconf 88' lang='lat' dir='ltr'>artis</span> <span class='ocrx_word' id='word_1_184' title='bbox 1144 2999 1265 3074; x_wconf 85' lang='lat' dir='ltr'>polleat.</span> <span class='ocrx_word' id='word_1_185' title='bbox 1295 2998 1430 3078; x_wconf 88' lang='lat' dir='ltr'>Lucilius</span> <span class='ocrx_word' id='word_1_186' title='bbox 1450 3005 1520 3073; x_wconf 81' lang='lat' dir='ltr'>saty-</span> 
     </span>
     <span class='ocr_line' id='line_1_23' title="bbox 318 3092 1520 3170; baseline -0.002 -20"><span class='ocrx_word' id='word_1_187' title='bbox 318 3110 414 3152; x_wconf 87' lang='lat' dir='ltr'>rarum</span> <span class='ocrx_word' id='word_1_188' title='bbox 430 3092 479 3152; x_wconf 91' lang='lat' dir='ltr'>lib.</span> <span class='ocrx_word' id='word_1_189' title='bbox 490 3113 532 3151; x_wconf 88' lang='lat' dir='ltr'>vn</span> <span class='ocrx_word' id='word_1_190' title='bbox 548 3093 635 3154; x_wconf 85' lang='lat' dir='ltr'>‘hanc</span> <span class='ocrx_word' id='word_1_191' title='bbox 656 3112 772 3170; x_wconf 90' lang='lat' dir='ltr'>...pro</span> <span class='ocrx_word' id='word_1_192' title='bbox 789 3111 866 3151; x_wconf 80' lang='lat' dir='ltr'>cuns</span> <span class='ocrx_word' id='word_1_193' title='bbox 882 3094 943 3152; x_wconf 90' lang='lat' dir='ltr'>eius</span> <span class='ocrx_word' id='word_1_194' title='bbox 1008 3092 1129 3153; x_wconf 88' lang='lat' dir='ltr'>samiam</span> <span class='ocrx_word' id='word_1_195' title='bbox 1142 3111 1184 3150; x_wconf 84' lang='lat' dir='ltr'>rar</span> <span class='ocrx_word' id='word_1_196' title='bbox 1200 3111 1238 3152; x_wconf 89' lang='lat' dir='ltr'>arr</span> <span class='ocrx_word' id='word_1_197' title='bbox 1255 3111 1317 3151; x_wconf 86' lang='lat' dir='ltr'>urvo</span> <span class='ocrx_word' id='word_1_198' title='bbox 1333 3112 1416 3151; x_wconf 78' lang='lat' dir='ltr'>rano</span> <span class='ocrx_word' id='word_1_199' title='bbox 1431 3092 1520 3169; x_wconf 91' lang='lat' dir='ltr'>inquit</span> 
     </span>
     <span class='ocr_line' id='line_1_24' title="bbox 319 3187 502 3247; baseline 0 -2"><span class='ocrx_word' id='word_1_200' title='bbox 319 3187 502 3247; x_wconf 75' lang='lat' dir='ltr'>.,.ambo&#39;.&#39;&#39;</span> 
     </span>
    </p>

    <p class='ocr_par' dir='ltr' id='par_1_11' title="bbox 315 3279 1520 3530">
     <span class='ocr_line' id='line_1_25' title="bbox 394 3279 1519 3360; baseline -0.001 -21"><span class='ocrx_word' id='word_1_201' title='bbox 394 3283 460 3340; x_wconf 87' lang='grc'>234.</span> <span class='ocrx_word' id='word_1_202' title='bbox 501 3280 617 3340; x_wconf 90' lang='lat' dir='ltr'>Nonius</span> <span class='ocrx_word' id='word_1_203' title='bbox 638 3299 667 3356; x_wconf 92' lang='lat' dir='ltr'>p.</span> <span class='ocrx_word' id='word_1_204' title='bbox 682 3283 728 3355; x_wconf 87' lang='grc'>21,</span> <span class='ocrx_word' id='word_1_205' title='bbox 744 3283 781 3340; x_wconf 85' lang='grc'>30</span> <span class='ocrx_word' id='word_1_206' title='bbox 803 3279 950 3340; x_wconf 80' lang='lat' dir='ltr'>“virosae</span> <span class='ocrx_word' id='word_1_207' title='bbox 971 3281 1108 3341; x_wconf 90' lang='lat' dir='ltr'>mulieres</span> <span class='ocrx_word' id='word_1_208' title='bbox 1131 3281 1266 3342; x_wconf 87' lang='lat' dir='ltr'>dicuntur</span> <span class='ocrx_word' id='word_1_209' title='bbox 1287 3282 1415 3341; x_wconf 90' lang='lat' dir='ltr'>virorum</span> <span class='ocrx_word' id='word_1_210' title='bbox 1434 3299 1519 3360; x_wconf 92' lang='lat' dir='ltr'>appe·</span> 
     </span>
     <span class='ocr_line' id='line_1_26' title="bbox 315 3361 1520 3453; baseline -0.002 -19"><span class='ocrx_word' id='word_1_211' title='bbox 315 3381 411 3435; x_wconf 91' lang='lat' dir='ltr'>tentes</span> <span class='ocrx_word' id='word_1_212' title='bbox 432 3377 479 3434; x_wconf 90' lang='lat' dir='ltr'>vel</span> <span class='ocrx_word' id='word_1_213' title='bbox 492 3375 670 3434; x_wconf 83' lang='lat' dir='ltr'>luxuriosae.</span> <span class='ocrx_word' id='word_1_214' title='bbox 699 3361 833 3434; x_wconf 81' lang='lat' dir='ltr'>Lucilius</span> <span class='ocrx_word' id='word_1_215' title='bbox 849 3379 1014 3452; x_wconf 88' lang='lat' dir='ltr'>satyrarum</span> <span class='ocrx_word' id='word_1_216' title='bbox 1033 3376 1083 3435; x_wconf 91' lang='lat' dir='ltr'>lib.</span> <span class='ocrx_word' id='word_1_217' title='bbox 1097 3395 1138 3433; x_wconf 91' lang='lat' dir='ltr'>vn</span> <span class='ocrx_word' id='word_1_218' title='bbox 1161 3375 1233 3435; x_wconf 87' lang='lat' dir='ltr'>‘dixi</span> <span class='ocrx_word' id='word_1_219' title='bbox 1253 3421 1299 3435; x_wconf 94' lang='lat'>...</span> <span class='ocrx_word' id='word_1_220' title='bbox 1316 3378 1413 3434; x_wconf 80' lang='lat' dir='ltr'>codam</span> <span class='ocrx_word' id='word_1_221' title='bbox 1426 3376 1520 3453; x_wconf 85' lang='lat' dir='ltr'>potins</span> 
     </span>
     <span class='ocr_line' id='line_1_27' title="bbox 318 3471 458 3530; baseline 0.007 -1"><span class='ocrx_word' id='word_1_222' title='bbox 318 3471 458 3530; x_wconf 83' lang='lat' dir='ltr'>...me&#39;.’&#39;</span> 
     </span>
    </p>

    <p class='ocr_par' dir='ltr' id='par_1_12' title="bbox 315 3561 1521 4018">
     <span class='ocr_line' id='line_1_28' title="bbox 393 3561 1521 3642; baseline -0.006 -18"><span class='ocrx_word' id='word_1_223' title='bbox 393 3567 458 3625; x_wconf 87' lang='grc'>236.</span> <span class='ocrx_word' id='word_1_224' title='bbox 498 3565 615 3625; x_wconf 89' lang='lat' dir='ltr'>Nonius</span> <span class='ocrx_word' id='word_1_225' title='bbox 636 3583 665 3642; x_wconf 90' lang='lat' dir='ltr'>p.</span> <span class='ocrx_word' id='word_1_226' title='bbox 681 3566 728 3638; x_wconf 89' lang='grc'>21,</span> <span class='ocrx_word' id='word_1_227' title='bbox 743 3565 780 3622; x_wconf 89' lang='grc'>24</span> <span class='ocrx_word' id='word_1_228' title='bbox 801 3563 928 3624; x_wconf 79' lang='lat' dir='ltr'>“Caries</span> <span class='ocrx_word' id='word_1_229' title='bbox 949 3570 996 3624; x_wconf 89' lang='lat' dir='ltr'>est</span> <span class='ocrx_word' id='word_1_230' title='bbox 1022 3571 1156 3625; x_wconf 87' lang='lat' dir='ltr'>vetustas</span> <span class='ocrx_word' id='word_1_231' title='bbox 1184 3566 1230 3625; x_wconf 91' lang='lat' dir='ltr'>vel</span> <span class='ocrx_word' id='word_1_232' title='bbox 1258 3565 1422 3642; x_wconf 87' lang='lat' dir='ltr'>pntrilago;</span> <span class='ocrx_word' id='word_1_233' title='bbox 1450 3561 1521 3624; x_wconf 90' lang='lat' dir='ltr'>uude</span> 
     </span>
     <span class='ocr_line' id='line_1_29' title="bbox 317 3657 1519 3737; baseline 0 -19"><span class='ocrx_word' id='word_1_234' title='bbox 317 3660 463 3719; x_wconf 85' lang='lat' dir='ltr'>cariosum</span> <span class='ocrx_word' id='word_1_235' title='bbox 483 3658 583 3737; x_wconf 90' lang='lat' dir='ltr'>(immo</span> <span class='ocrx_word' id='word_1_236' title='bbox 604 3657 753 3736; x_wconf 66' lang='lat' dir='ltr'>comosum)</span> <span class='ocrx_word' id='word_1_237' title='bbox 774 3665 888 3718; x_wconf 90' lang='lat' dir='ltr'>veteres</span> <span class='ocrx_word' id='word_1_238' title='bbox 911 3658 1055 3719; x_wconf 85' lang='lat' dir='ltr'>dixerunt.</span> <span class='ocrx_word' id='word_1_239' title='bbox 1086 3659 1218 3720; x_wconf 84' lang='lat' dir='ltr'>Lucilius</span> <span class='ocrx_word' id='word_1_240' title='bbox 1235 3668 1399 3736; x_wconf 88' lang='lat' dir='ltr'>satyrarum</span> <span class='ocrx_word' id='word_1_241' title='bbox 1420 3659 1472 3719; x_wconf 89' lang='lat' dir='ltr'>lib.</span> <span class='ocrx_word' id='word_1_242' title='bbox 1486 3673 1519 3712; x_wconf 83' lang='lat' dir='ltr'>vn</span> 
     </span>
     <span class='ocr_line' id='line_1_30' title="bbox 317 3751 1521 3833; baseline -0.005 -21"><span class='ocrx_word' id='word_1_243' title='bbox 317 3753 364 3812; x_wconf 84' lang='lat' dir='ltr'>‘ne</span> <span class='ocrx_word' id='word_1_244' title='bbox 451 3753 679 3813; x_wconf 84' lang='lat' dir='ltr'>vermiculioun&#39;.</span> <span class='ocrx_word' id='word_1_245' title='bbox 722 3751 872 3830; x_wconf 79' lang='lat' dir='ltr'>Turpilius</span> <span class='ocrx_word' id='word_1_246' title='bbox 893 3752 1048 3814; x_wconf 87' lang='lat' dir='ltr'>Leucadia</span> <span class='ocrx_word' id='word_1_247' title='bbox 1068 3753 1170 3831; x_wconf 83' lang='lat' dir='ltr'>‘eiperi</span> <span class='ocrx_word' id='word_1_248' title='bbox 1192 3757 1244 3823; x_wconf 83' lang='lat' dir='ltr'>(Ei</span> <span class='ocrx_word' id='word_1_249' title='bbox 1262 3758 1359 3833; x_wconf 82' lang='lat' dir='ltr'>parir&#39;),</span> <span class='ocrx_word' id='word_1_250' title='bbox 1381 3753 1471 3812; x_wconf 88' lang='lat' dir='ltr'>viden</span> <span class='ocrx_word' id='word_1_251' title='bbox 1495 3759 1521 3807; x_wconf 84' lang='lat' dir='ltr'>ut</span> 
     </span>
     <span class='ocr_line' id='line_1_31' title="bbox 317 3846 1520 3926; baseline -0.005 -18"><span class='ocrx_word' id='word_1_252' title='bbox 317 3850 467 3910; x_wconf 87' lang='lat' dir='ltr'>oseulatur</span> <span class='ocrx_word' id='word_1_253' title='bbox 480 3846 609 3908; x_wconf 79' lang='lat' dir='ltr'>cariem?</span> <span class='ocrx_word' id='word_1_254' title='bbox 631 3865 699 3905; x_wconf 90' lang='lat' dir='ltr'>num</span> <span class='ocrx_word' id='word_1_255' title='bbox 720 3846 800 3905; x_wconf 89' lang='lat' dir='ltr'>illum</span> <span class='ocrx_word' id='word_1_256' title='bbox 822 3847 930 3908; x_wconf 88' lang='lat' dir='ltr'>illaec?</span> <span class='ocrx_word' id='word_1_257' title='bbox 951 3848 1060 3926; x_wconf 89' lang='lat' dir='ltr'>pudet&#39;.</span> <span class='ocrx_word' id='word_1_258' title='bbox 1092 3849 1234 3910; x_wconf 83' lang='lat' dir='ltr'>Afranius</span> <span class='ocrx_word' id='word_1_259' title='bbox 1254 3848 1398 3924; x_wconf 82' lang='lat' dir='ltr'>Priuigno</span> <span class='ocrx_word' id='word_1_260' title='bbox 1421 3847 1520 3908; x_wconf 82' lang='lat' dir='ltr'>‘Nemo</span> 
     </span>
     <span class='ocr_line' id='line_1_32' title="bbox 315 3939 1517 4018; baseline -0.004 -16"><span class='ocrx_word' id='word_1_261' title='bbox 315 3945 368 4002; x_wconf 90' lang='lat' dir='ltr'>illa</span> <span class='ocrx_word' id='word_1_262' title='bbox 386 3943 459 4003; x_wconf 83' lang='lat' dir='ltr'>vivit</span> <span class='ocrx_word' id='word_1_263' title='bbox 480 3943 558 4002; x_wconf 89' lang='lat' dir='ltr'>carie</span> <span class='ocrx_word' id='word_1_264' title='bbox 579 3942 722 4002; x_wconf 88' lang='lat' dir='ltr'>curiosior</span> <span class='ocrx_word' id='word_1_265' title='bbox 743 3939 883 4018; x_wconf 88' lang='lat' dir='ltr'>(fortasse</span> <span class='ocrx_word' id='word_1_266' title='bbox 905 3947 1015 4001; x_wconf 79' lang='lat' dir='ltr'>carioso</span> <span class='ocrx_word' id='word_1_267' title='bbox 1036 3943 1216 4018; x_wconf 54' lang='lat' dir='ltr'>ramosior?</span> <span class='ocrx_word' id='word_1_268' title='bbox 1307 4007 1311 4016; x_wconf 47' lang='grc'><strong>,</strong></span> <span class='ocrx_word' id='word_1_269' title='bbox 1514 3939 1517 3946; x_wconf 89' lang='grc'><strong>’</strong></span> 
     </span>
    </p>

    <p class='ocr_par' dir='ltr' id='par_1_13' title="bbox 316 4033 1519 4208">
     <span class='ocr_line' id='line_1_33' title="bbox 394 4033 1518 4113; baseline -0.006 -16"><span class='ocrx_word' id='word_1_270' title='bbox 394 4036 459 4097; x_wconf 82' lang='grc'>231.</span> <span class='ocrx_word' id='word_1_271' title='bbox 505 4036 621 4096; x_wconf 90' lang='lat' dir='ltr'>Nouius</span> <span class='ocrx_word' id='word_1_272' title='bbox 648 4055 677 4113; x_wconf 93' lang='lat' dir='ltr'>p.</span> <span class='ocrx_word' id='word_1_273' title='bbox 692 4039 776 4109; x_wconf 86' lang='grc'>23,2</span> <span class='ocrx_word' id='word_1_274' title='bbox 803 4033 924 4112; x_wconf 79' lang='lat' dir='ltr'>“Sagae</span> <span class='ocrx_word' id='word_1_275' title='bbox 952 4037 1088 4096; x_wconf 88' lang='lat' dir='ltr'>mulieres</span> <span class='ocrx_word' id='word_1_276' title='bbox 1114 4035 1250 4096; x_wconf 89' lang='lat' dir='ltr'>dicuntur</span> <span class='ocrx_word' id='word_1_277' title='bbox 1276 4037 1400 4102; x_wconf 86' lang='lat' dir='ltr'>feminee</span> <span class='ocrx_word' id='word_1_278' title='bbox 1429 4038 1518 4112; x_wconf 91' lang='lat' dir='ltr'>(immo</span> 
     </span>
     <span class='ocr_line' id='line_1_34' title="bbox 316 4129 1519 4208; baseline -0.003 -19"><span class='ocrx_word' id='word_1_279' title='bbox 316 4133 469 4208; x_wconf 67' lang='lat' dir='ltr'>vomicae),</span> <span class='ocrx_word' id='word_1_280' title='bbox 490 4131 528 4190; x_wconf 90' lang='lat' dir='ltr'>ad</span> <span class='ocrx_word' id='word_1_281' title='bbox 549 4129 709 4190; x_wconf 89' lang='lat' dir='ltr'>lubidinem</span> <span class='ocrx_word' id='word_1_282' title='bbox 730 4129 857 4188; x_wconf 89' lang='lat' dir='ltr'>virorum</span> <span class='ocrx_word' id='word_1_283' title='bbox 877 4129 1090 4205; x_wconf 86' lang='lat' dir='ltr'>indagatriees.</span> <span class='ocrx_word' id='word_1_284' title='bbox 1129 4130 1207 4189; x_wconf 91' lang='lat' dir='ltr'>unde</span> <span class='ocrx_word' id='word_1_285' title='bbox 1236 4139 1265 4190; x_wconf 89' lang='lat' dir='ltr'>et</span> <span class='ocrx_word' id='word_1_286' title='bbox 1287 4149 1415 4207; x_wconf 84' lang='lat' dir='ltr'>sagaces</span> <span class='ocrx_word' id='word_1_287' title='bbox 1438 4145 1519 4191; x_wconf 90' lang='lat' dir='ltr'>canes</span> 
     </span>
    </p>
   </div>
   <div class='ocr_carea' id='block_1_9' title="bbox 321 4279 1104 4465">
    <p class='ocr_par' dir='ltr' id='par_1_14' title="bbox 321 4279 1104 4465">
     <span class='ocr_line' id='line_1_35' title="bbox 393 4279 1104 4374; baseline 0.004 -5"><span class='ocrx_word' id='word_1_288' title='bbox 393 4313 459 4370; x_wconf 83' lang='lat'><strong>230.</strong></span> <span class='ocrx_word' id='word_1_289' title='bbox 499 4313 577 4369; x_wconf 72' lang='lat' dir='ltr'>trram</span> <span class='ocrx_word' id='word_1_290' title='bbox 597 4311 709 4371; x_wconf 79' lang='lat' dir='ltr'>lunius.</span> <span class='ocrx_word' id='word_1_291' title='bbox 827 4279 922 4368; x_wconf 67' lang='lat' dir='ltr'>tortos</span> <span class='ocrx_word' id='word_1_292' title='bbox 944 4311 1104 4374; x_wconf 79' lang='lat' dir='ltr'>nercerus.</span> 
     </span>
     <span class='ocr_line' id='line_1_36' title="bbox 321 4387 878 4465; baseline 0 -17"><span class='ocrx_word' id='word_1_293' title='bbox 321 4449 326 4461; x_wconf 78' lang='grc'>,</span> <span class='ocrx_word' id='word_1_294' title='bbox 393 4389 460 4448; x_wconf 84' lang='grc'>231.</span> <span class='ocrx_word' id='word_1_295' title='bbox 494 4407 552 4465; x_wconf 83' lang='lat' dir='ltr'>pro</span> <span class='ocrx_word' id='word_1_296' title='bbox 571 4391 669 4449; x_wconf 74' lang='lat' dir='ltr'>scalae</span> <span class='ocrx_word' id='word_1_297' title='bbox 689 4392 745 4450; x_wconf 80' lang='lat' dir='ltr'>aiae</span> <span class='ocrx_word' id='word_1_298' title='bbox 764 4387 878 4448; x_wconf 86' lang='lat' dir='ltr'>Iunius.</span> 
     </span>
    </p>
   </div>
   <div class='ocr_carea' id='block_1_10' title="bbox 0 0 1608 5172">
    <p class='ocr_par' dir='ltr' id='par_1_15' title="bbox 0 0 1608 5172">
     <span class='ocr_line' id='line_1_37' title="bbox 0 0 1608 5172; baseline 0 0"><span class='ocrx_word' id='word_1_299' title='bbox 0 0 1608 5172; x_wconf 95' lang='lat' dir='ltr'> </span> 
     </span>
    </p>
   </div>
  </div>
 </body>
</html>
