3202 5180
340 357 455 423 34·
904 358 987 409 VIIII

357 535 408 596 ist
735 526 807 612 ipsa
828 526 878 594 his
902 547 920 594 e
942 528 1030 594 corio
1054 527 1162 598 omnia
1184 525 1266 592 lora.

449 700 606 786 seaherat,
630 706 665 766 ut
686 719 802 786 porcus
827 699 972 765 contritis
994 698 1109 765 arbore
1133 699 1228 764 costis

363 871 384 914 '¹‘
449 879 484 940 tu
507 871 587 938 milli
611 892 772 937 nummum
796 877 887 957 potes
909 889 980 935 uno·
996 889 1152 953 quaerere
1176 876 1311 936 centum.

448 1064 513 1109 non
535 1043 615 1110 haec
638 1043 716 1128 quid
740 1042 879 1126 valeant,
904 1040 1024 1126 quidve
1047 1039 1108 1105 hoo
1129 1040 1212 1107 inter
1235 1042 1297 1108 siet
1318 1044 1409 1128 illud,

450 1145 641 1230 cognoscis?
669 1145 806 1230 primum
828 1145 889 1210 hoo
912 1143 999 1228 quod
1022 1143 1155 1209 dicimus
1179 1163 1250 1211 esse
1272 1151 1398 1231 poema,

359 1255 414 1313 ³⁰⁰
449 1268 525 1334 pars
549 1254 597 1314 est
618 1267 722 1332 parva
744 1252 869 1332 poima,
892 1250 1009 1331 poema
1032 1245 1302 1329 epigrammation
1324 1251 1378 1315 vel

450 1349 629 1434 distichum,
654 1350 794 1434 epistula
815 1351 892 1416 item
914 1349 1048 1432 quaevis
1070 1367 1135 1412 non
1159 1367 1279 1432 magna
1301 1356 1421 1435 poir'ma
1444 1356 1502 1415 est.

448 1455 506 1520 illa
527 1453 634 1538 poesis
657 1473 737 1537 opus
760 1458 869 1537 totum,
892 1456 961 1515 tota
982 1451 1059 1516 Ilias
1082 1471 1148 1516 una
1170 1457 1227 1535 est,

450 1575 516 1621 una
538 1553 637 1635 θέσις
659 1560 734 1621 sunt
756 1554 890 1620 annales
914 1554 997 1618 Enni
1020 1559 1118 1638 atque
1140 1547 1223 1633 ἔπος
1244 1575 1349 1641 unum,

449 1666 481 1725 et
501 1660 605 1724 maius
628 1659 727 1725 multo
751 1664 799 1724 est
821 1677 918 1741 quam
942 1655 1028 1739 quod
1051 1655 1119 1720 dixi
1141 1661 1217 1722 ante
1240 1663 1365 1742 poema.

362 1769 413 1828 ³⁰5
451 1767 667 1846 quapropter
689 1760 772 1845 dieo,
796 1780 889 1825 nemo
913 1758 968 1843 qui
991 1759 1099 1842 culpat
1121 1759 1296 1834 Homerum

451 1871 607 1953 perpetuo
631 1864 749 1948 culpat,
772 1881 877 1947 neque
900 1860 986 1945 quod
1009 1860 1078 1924 dixi
1101 1866 1176 1926 ante
1198 1865 1328 1946 polisin:

449 1988 578 2036 versum
600 1986 698 2032 unum
722 1966 839 2051 culpat,
864 1962 1005 2046 verbum,
1029 1963 1235 2048 enthymema
1258 1965 1414 2034 locumve.

352 2089 562 2114 ιρι-

420 2143 487 2200 295.
528 2137 680 2199 Charisius
695 2156 723 2214 p.
736 2133 771 2195 il
794 2134 895 2194 “Lora
910 2139 1048 2210 correpta
1063 2134 1159 2210 prima
1174 2137 1291 2212 syllaba
1305 2143 1335 2198 et
1349 2139 1492 2199 feminino
1505 2157 1546 2215 ge·

345 2254 415 2296 nere
431 2233 557 2294 dicenda
571 2238 630 2306 est;
653 2231 799 2308 producta
815 2234 912 2289 autem
926 2228 1129 2288 neutralitere
1146 2233 1227 2290 corio
1247 2233 1376 2306 vincula,
1397 2240 1431 2294 ut
1452 2243 1482 2294 et
1496 2235 1546 2293 Ln-

345 2330 428 2390 eilius
449 2329 479 2387 in
500 2345 533 2384 rx
554 2325 631 2402 ‘ipsa
651 2344 677 2382 sr
699 2344 733 2382 sn
756 2325 835 2385 corio
857 2322 955 2382 omniu
973 2323 1074 2382 lora’.”

420 2425 487 2483 296.
527 2418 698 2479 Priscianus
719 2439 748 2497 p.
765 2421 823 2480 884
842 2417 1004 2477 “Similiter
1025 2418 1118 2478 seabo
1140 2419 1232 2478 scobi.
1269 2420 1348 2480 idem
1369 2422 1546 2482 Luciliusin

276 2559 281 2568 .
344 2537 376 2576 rx
398 2516 495 2594 (huns
517 2515 629 2574 alterve
650 2530 778 2572 meorum
800 2512 887 2572 codd.
902 2511 939 2570 x!
960 2510 1114 2586 Krohlius)
1136 2512 1286 2574 ‘scaberat
1306 2516 1495 2576 ...costis'.”

421 2606 486 2669 297.
529 2606 644 2666 Gellius
666 2627 686 2682 r,
702 2611 737 2667 16
758 2613 844 2666 etex
865 2624 899 2665 eo
921 2603 1094 2679 Macrobius
1120 2605 1241 2667 Saturn.
1256 2627 1276 2682 r,
1290 2609 1486 2668 5,“Lucilius
1506 2627 1546 2668 eu-

343 2711 402 2765 tem
422 2709 541 2781 praeter
562 2702 642 2779 quod
664 2719 755 2776 supra
774 2700 861 2776 posui
887 2699 944 2758 alio
966 2717 1084 2776 quoque
1111 2701 1140 2759 in
1159 2703 1227 2761 loco
1247 2701 1278 2760 id
1298 2703 1487 2763 manifestius
1507 2704 1545 2760 dc·

343 2804 503 2872 monstrat,
529 2814 596 2856 narn
616 2797 645 2854 in
665 2796 742 2854 libro
764 2793 982 2870 quintodecimo
1006 2795 1049 2854 ita
1072 2795 1143 2854 dicit
1167 2795 1253 2855 ‘hunc
1274 2797 1345 2855 milli
1365 2796 1546 2874 passum...'

343 2893 414 2952 item
439 2893 497 2951 alio
522 2891 552 2951 in
572 2891 648 2951 libro
669 2907 747 2948 nono
770 2888 810 2948 ‘tu
831 2888 902 2946 milli
924 2890 1120 2948 ...eentum'
1156 2889 1226 2948 milli
1253 2908 1375 2967 passum
1403 2891 1479 2950 dixit
1502 2907 1546 2966 pro

344 2987 422 3046 mille
442 2986 583 3062 passibus
605 2992 635 3044 et
654 3001 711 3042 nno
733 2981 803 3040 milli
824 2999 970 3040 nummum
991 2999 1046 3058 pro
1067 2983 1131 3040 unis
1153 2984 1231 3042 mille
1253 2986 1377 3044 nummis
1394 2992 1547 3062 aperteque

344 3079 475 3138 ostendit
504 3079 582 3138 mille
609 3084 640 3138 et
665 3077 843 3138 vocabulum
868 3093 933 3134 esse
961 3083 991 3158 et
1016 3077 1159 3152 singulari
1185 3095 1307 3136 numero
1340 3078 1399 3138 dici
1433 3081 1547 3156 eiusque

345 3173 524 3250 plurativum
547 3191 613 3234 esse
634 3173 715 3231 milia
735 3177 764 3230 et
785 3188 885 3230 casnm
907 3171 995 3229 etiarn
1018 3188 1125 3246 capere
1147 3171 1333 3231 ablativum.”

420 3270 486 3328 298.
527 3267 643 3327 Nonius
662 3285 692 3342 p.
707 3266 773 3340 428,
789 3268 806 3324 9
828 3264 956 3324 “Possis
979 3271 1008 3323 et
1028 3273 1135 3340 poema
1155 3265 1230 3325 hano
1246 3266 1357 3327 hahent
1374 3267 1545 3327 distantiam.

412 3362 543 3422 Lucilius
572 3369 735 3439 satyrarum
759 3357 811 3418 lib.
826 3377 891 3416 vnn
919 3359 987 3417 ‘non
1011 3358 1085 3419 haec
1110 3359 1182 3436 quid
1206 3379 1325 3419 vnnnsr
1347 3379 1478 3439 ...pars
1511 3364 1547 3418 est

343 3475 438 3534 parva
462 3467 570 3534 poema
593 3476 669 3514 rosor
694 3453 823 3531 epistula
850 3453 972 3530 itemque
993 3453 1036 3512 ris
1121 3472 1196 3531 opus
1217 3461 1312 3515 totum
1331 3462 1463 3516 totaoun
1481 3472 1546 3513 rum

344 3569 451 3610 sumus
473 3558 520 3612 est
546 3569 606 3610 nna
631 3549 721 3618 θέσις
745 3567 785 3606 ur
813 3549 933 3607 annales
960 3549 1026 3607 enni
1052 3557 1140 3624 atque
1168 3567 1246 3608 sroc
1270 3569 1359 3610 unum
1382 3569 1440 3608 nsr
1465 3550 1547 3608 maius

343 3647 434 3706 multo
449 3653 495 3704 est
518 3691 562 3706 ...
580 3643 686 3720 poesin
708 3660 864 3699 rnvnusum
880 3660 968 3700 unum
990 3687 1037 3701 ...
1052 3649 1216 3718 entymema
1231 3645 1435 3703 rrmnnocum’.
1462 3644 1546 3703 Varro

345 3739 533 3799 Parmenone
554 3737 679 3798 ‘Poena
699 3741 746 3795 est
766 3737 841 3796 lexis
863 3735 1043 3812 eurythmos,
1066 3735 1097 3794 id
1117 3744 1163 3797 est
1184 3740 1277 3799 verba
1297 3741 1382 3815 plura
1399 3738 1512 3810 modice
1524 3737 1547 3793 in

344 3832 495 3910 quondam
517 3834 652 3892 coniecta
672 3832 805 3891 formam.
838 3832 939 3906 itaque
960 3831 1046 3890 etiam
1067 3832 1191 3908 dysticon
1206 3837 1437 3910 epigrammatica
1450 3833 1547 3892 vocant

343 3937 460 4006 poema.
492 3925 592 4003 poesis
613 3932 659 3985 est
678 3932 853 4002 perpetuum
873 3929 1079 4000 argumentum
1093 3943 1131 3984 ex
1145 3925 1276 4002 rythmis,
1297 3933 1329 3987 ut
1349 3928 1422 3986 Ilias
1437 3921 1546 3986 Homeri

344 4029 375 4083 et
396 4022 509 4082 annalis
530 4021 626 4080 Enni.
667 4020 786 4096 poetice
806 4025 852 4079 est
872 4037 921 4078 ars
943 4036 1044 4078 earum
1065 4018 1195 4078 rerum'.’'

344 4133 545 4144 ———-

421 4188 486 4244 302.
528 4194 587 4243 tota
607 4185 681 4242 Ilias
700 4203 758 4242 aaa
778 4183 869 4243 Ianus
890 4181 1002 4242 Dousa.
1052 4257 1058 4272 ι
1158 4258 1197 4273 ..
1253 4259 1259 4273 ⁸
1530 4256 1535 4270 Ι

386 4339 392 4354 ⁸
420 4264 486 4397 304ἳΞ
506 4257 1225 4400 Idhhdaddusdulddaqdddeddldchludnednm’
1250 4257 1438 4336 rmprudens‚
1466 4259 1546 4320 volort

343 4354 489 4476 emmddh.
536 4419 649 4476 Versum
669 4383 752 4475 nuche
774 4415 886 4474 Iunius.
1036 4355 1072 4412 qu
1120 4381 1126 4394 ⁸
