3204 5184
307 333 350 433 54
874 371 953 422 xvn

325 543 378 602 llo
415 556 481 601 non
492 535 614 602 licitum
625 555 698 603 esse
708 540 833 603 uterum
847 545 944 623 atque
956 540 1052 606 etiam
1069 540 1202 623 inguina
1216 545 1351 622 tangere
1365 542 1530 624 mammis,
1592 596 1594 624 ,

423 635 519 727 Τυρώ
543 631 776 727 adactionem
800 640 943 726 aliquam
966 663 1033 708 rem
1055 643 1217 728 insignem
1239 642 1402 727 habuisse,

417 762 594 826 verrucam,
618 762 767 826 naevum,
793 740 945 830 [dictami.
969 744 1097 811 dentem
1121 745 1295 812 aminnium
1318 767 1426 830 unum,

419 849 622 929 compernem
645 851 700 911 aut
721 866 834 912 varam
857 845 958 912 fuisse
980 847 1224 933 Amphitryonis
1248 849 1376 915 acoetin

417 948 614 1032 Alcmenam,
638 954 744 1031 atque·
757 947 848 1032 alias,
872 947 1030 1014 Helenam
1053 951 1155 1034 ipsam
1179 949 1317 1034 denique
1340 951 1489 1016 —nolo

327 1060 375 1119 445
416 1049 536 1119 dicere:
566 1055 632 1116 tute
653 1048 730 1116 vide
753 1055 850 1133 atque
872 1049 1057 1134 disyllabon
1079 1051 1165 1134 elige
1188 1051 1334 1134 quodvis,

418 1271 445 1337 si
470 1270 606 1338 semissi’
631 1272 712 1338 facis
735 1272 853 1356 musas,
877 1271 905 1337 si
928 1270 1035 1337 vendi'
1059 1272 1240 1340 Lavernae.

419 1498 527 1558 cetera
549 1493 724 1559 contemnit
746 1493 833 1559 etin
855 1509 955 1557 usura
977 1491 1085 1556 omnia
1107 1491 1199 1578 ponit

358 1664 364 1681 ⁴
423 1615 488 1660 non
510 1615 645 1678 magna:
672 1596 837 1681 proprium
858 1615 936 1663 vero
961 1595 1005 1660 nil
1028 1595 1188 1660 neminem
1210 1595 1340 1664 habere.

421 1823 594 1903 nupturam
616 1820 648 1881 te
670 1819 772 1899 nupta
793 1835 905 1901 negas,
928 1816 1015 1899 quod
1038 1817 1147 1883 vivere
1171 1817 1289 1884 Ulixen

331 1927 385 1986 480
422 1939 544 2005 speras.

334 2142 354 2184 *
866 2143 986 2224 magna
1009 2161 1085 2209 ossa
1107 2141 1283 2226 lacertique

422 2248 583 2329 apparent
602 2242 749 2309 hominis.

242 2615 245 2618 .
316 2572 416 2615 novar
437 2554 526 2613 etiam
540 2553 731 2612 ...mammis
754 2569 945 2610 compsanam
964 2599 989 2613 ..
1003 2598 1007 2608 .
1020 2554 1095 2612 alias
1116 2571 1220 2610 aaran
1237 2600 1242 2612 .
1256 2600 1262 2614 .
1274 2601 1281 2613 .
1294 2554 1424 2630 quodvis
1439 2573 1534 2612 Turn
1590 2603 1591 2624 .

315 2666 531 2706 nnnnrrrrmn
546 2695 553 2708 .
566 2693 573 2707 .
586 2694 592 2708 .
605 2665 729 2708 naevum
744 2647 852 2724 (cecum
865 2647 1126 2722 Guelferbytanus,
1146 2667 1262 2705 aeacum
1277 2647 1452 2722 Leidensis)
1470 2649 1534 2707 dio-

317 2752 377 2803 tum
392 2791 398 2803 .
411 2789 418 2802 .
430 2790 436 2803 .
447 2742 570 2801 unum’.''
639 2741 724 2801 Idem
745 2760 773 2818 p.
789 2744 835 2818 26,
852 2745 885 2800 ll
908 2740 1004 2800 “Vari
1018 2741 1154 2801 dicuntur
1170 2743 1297 2802 obtortis
1313 2741 1435 2818 plantis.
1471 2741 1534 2800 Lu·

316 2839 401 2898 cilius
423 2846 588 2914 satyrarum
607 2837 658 2895 lib.
673 2855 738 2894 xvrr
760 2836 956 2913 ‘compernem
971 2882 978 2896 .
1031 2835 1183 2896 acoetin’.'’

392 2930 459 2992 476.
499 2931 615 2991 Nonius
637 2949 665 3007 p.
683 2931 746 3005 134,
762 2933 799 2989 33
820 2930 994 3005 “Laverua,
1020 2929 1077 2988 dea
1101 2929 1149 2988 cui
1176 2929 1347 3006 supplicant
1372 2929 1464 2990 tures.

316 3026 450 3086 Lucilius
470 3025 521 3086 lib.
536 3043 599 3083 xvn
620 3024 656 3084 ‘si
674 3043 788 3082 nassas
809 3025 884 3084 facis
901 3025 1134 3085 ...lavernae’.''

338 3163 340 3166 -
394 3118 461 3186 477.
505 3118 621 3178 Nonius
648 3137 677 3195 p.
692 3120 796 3195 362,6
823 3118 1001 3195 “Proprium
1028 3136 1142 3178 rursum
1169 3115 1317 3192 significat
1342 3122 1535 3193 perpetuum.

317 3259 324 3273 .
338 3260 363 3274 ..
379 3214 512 3274 Lucilius
534 3219 700 3288 satyrarum
719 3214 770 3272 lib.
785 3233 849 3272 xvn
869 3212 980 3274 ‘cetera
995 3259 1001 3272 .
1015 3258 1021 3271 .
1034 3258 1040 3273 .
1051 3215 1120 3271 citit
1133 3255 1140 3272 .
1152 3259 1158 3272 .
1170 3256 1177 3271 .
1188 3210 1334 3271 habere’.’'

395 3305 461 3367 4⁷9.
501 3307 674 3366 Priscianus
701 3325 731 3384 p.
746 3301 803 3367 864
827 3307 981 3367 “Lucilius
1001 3307 1032 3366 in
1052 3326 1117 3365 xvir
1143 3308 1293 3382 (numerus
1318 3304 1465 3382 incertus)
1494 3307 1535 3365 ad

319 3403 503 3478 Penelopam
532 3419 692 3461 conversus
718 3402 760 3461 ait
786 3400 953 3478 'nupturam
968 3391 1146 3478 ...speras’.
1186 3404 1215 3460 in
1242 3400 1299 3458 hoc
1320 3417 1440 3476 quoque
1462 3402 1534 3459 snb·

317 3495 496 3556 audiendum
523 3504 678 3574 estesse,
709 3496 740 3554 id
766 3503 813 3554 ast
837 3502 995 3571 nupturam
1021 3513 1088 3555 esse
1113 3513 1168 3573 pro
1194 3501 1316 3572 nuptum
1342 3494 1399 3569 ire,
1431 3513 1531 3570 γαμη-

316 3587 506 3664 θήσεσθαι.”
843 3612 845 3616 ’

393 3684 460 3744 481.
500 3685 674 3746 Macrobius
703 3687 876 3760 Saturum,
899 3687 924 3759 1,
943 3685 980 3743 43
1008 3681 1160 3743 “Lucilius
1186 3683 1314 3760 (aliquot
1341 3684 1532 3760 exemplaria

316 3776 475 3855 Lucretius)
497 3779 526 3837 in
548 3781 673 3856 septimo
696 3780 810 3841 decimo
831 3780 950 3856 ‘magna
964 3825 970 3838 .
984 3823 990 3837 .
1006 3778 1153 3836 nonrur’.'’

393 4045 459 4108 470.
500 4056 583 4123 atque
603 4045 715 4106 Iunius.

392 4123 458 4185 471.
502 4125 575 4201 Tpro
597 4119 781 4200 apameae
796 4167 802 4183 .
815 4169 821 4183 .
833 4167 840 4182 .
851 4143 943 4196 caum,
964 4125 1139 4200 Campanae
1158 4123 1201 4183 M.
1216 4121 1369 4200 Hauptius
1385 4124 1416 4183 in
1429 4123 1527 4184 Philo-

317 4201 388 4276 logo
410 4201 626 4262 Schneidewini
645 4222 656 4260 1
676 4220 705 4278 p.
722 4203 786 4260 163.

393 4277 459 4338 474.
497 4281 635 4338 Helenam
655 4278 801 4354 Scaliger.

394 4354 461 4414 476.
502 4357 595 4415 Ianus
615 4358 723 4416 Dousa
742 4357 859 4415 comasio
872 4355 991 4429 scateat.

394 4433 460 4492 482.
501 4434 616 4492 hominia
637 4434 737 4495 nescio
757 4433 833 4510 quis.
874 4430 958 4492 Cant.
973 4449 1076 4492 comm.
1091 4430 1234 4492 in‘Lucr.
1249 4449 1277 4509 p.
1290 4434 1336 4492 81.

1589 366 1593 479 l

1590 507 1593 586 1

1593 767 1596 854 l
