3204 5184
637 370 729 422 xxxx
1247 368 1287 432 61

184 540 227 608 ab
250 543 411 610 corisum
433 559 586 624 magnum
609 539 686 623 agit,
711 539 898 606 cachinnum
922 539 1097 625 inprudens
1121 540 1245 609 subicit.

436 732 472 792 ut
494 725 521 792 si
544 727 680 793 eluviem
704 728 811 795 facere
834 749 892 814 per
913 731 1057 794 ventre'm
1080 728 1171 813 velis,

185 851 326 927 curans
350 831 496 896 omnibus
519 829 657 896 distento
682 851 817 916 corpore
839 831 964 916 expiret
986 831 1057 896 viis.

92 1030 159 1091 stu
186 1019 320 1085 “ardum
335 1019 547 1084 miserrimum
564 1025 661 1104 atque
676 1018 789 1085 infelix
805 1019 942 1103 lignum:
962 1019 1147 1085 sambucum
1162 1027 1289 1087 vocant.

185 1209 237 1274 “di
259 1207 419 1273 mdnerint
440 1207 575 1272 meliora
597 1213 693 1290 atque
716 1208 889 1273 amentiam
911 1209 1172 1274 averruncassint
1192 1214 1288 1274 tuam.

185 1403 220 1461 ut
242 1414 304 1478 ege
328 1394 481 1477 effugiam
503 1394 590 1477 quod
611 1399 643 1460 te
664 1395 698 1459 in
721 1393 833 1477 primis
857 1414 975 1478 cupere
998 1393 1099 1478 apisci
1125 1395 1287 1478 intellego.

187 1589 218 1648 et
240 1581 327 1666 qued
349 1581 406 1646 tibi
422 1601 540 1664 magno
559 1601 657 1665 opere
673 1579 763 1646 cordi
779 1587 837 1666 est,
860 1582 937 1646 mihi
953 1587 1118 1648 vementcr
1132 1580 1291 1668 displicet.

187 1770 246 1837 tibi
269 1789 364 1854 porro
387 1769 487 1835 istaec
509 1789 561 1836 res
575 1770 702 1835 idcirco
727 1776 776 1835 est
799 1767 898 1852 cordi,
923 1769 1010 1851 quod
1032 1789 1103 1835 rere
1125 1771 1243 1838 utilem.

94 1964 146 2022 545
185 1957 317 2023 summis
340 1958 442 2023 nitere
464 1958 590 2042 opibus,
614 1964 731 2039 alege
754 1961 865 2021 contra
887 1962 921 2020 ut
944 1955 1109 2024 dissimilis
1132 1959 1221 2024 siem.

159 2164 227 2223 538.
266 2163 383 2224 Nouius
405 2182 432 2240 p.
448 2166 494 2235 38,
510 2165 546 2221 28
568 2161 735 2239 “Expirare
750 2207 774 2221 ..
790 2161 885 2222 ‚idem
907 2178 980 2217 xxvi
1002 2161 1043 2221 ‘ut
1064 2163 1088 2220 si
1110 2164 1291 2225 eluviem...

79 2275 206 2316 cussus
223 2259 359 2319 omnibns
374 2257 548 2332 ...expiret
568 2256 650 2314 vrs'.'’
729 2257 813 2316 Idem
834 2275 863 2332 p.
877 2258 941 2329 103,
956 2258 993 2314 32
1014 2256 1164 2328 “Eleciem,
1184 2277 1293 2334 purga·

81 2352 205 2411 tionem.
236 2352 370 2411 Lucilius
390 2352 440 2410 lib.
455 2369 528 2407 xxv1
550 2349 591 2408 ‘at
609 2352 715 2408 eleatem
737 2350 835 2410 faeere
856 2368 910 2427 per
928 2361 1036 2409 centum
1056 2351 1175 2411 velis'.’''

157 2448 224 2505 540.
264 2447 380 2506 Nonius
407 2465 435 2521 p.
451 2443 498 2519 14,
518 2445 555 2501 20
583 2442 718 2503 “Ardum
743 2463 798 2521 pro
826 2443 948 2504 aridum.
990 2445 1124 2504 Lucilius
1150 2446 1200 2507 lib.
1216 2467 1293 2505 xxvr

79 2540 189 2615 (xxyn
203 2539 377 2618 Leidensis)
400 2539 513 2598 ‘ardum
529 2584 535 2598 .
549 2584 555 2597 .
568 2555 702 2598 .s1exuu
722 2541 852 2597 sabasam
873 2539 1003 2598 vocsr'.”

161 2636 228 2692 541.
269 2633 385 2693 Nonius
405 2653 434 2710 p.
451 2631 497 2707 74,
512 2634 549 2690 23
571 2630 808 2707 “Aberruncare‚
830 2641 971 2693 avertere.
1004 2635 1139 2694 Lucilius
1158 2637 1294 2696 lib.xxv1

81 2727 121 2785 ‘di
140 2746 319 2786 mruusunrn
338 2727 462 2787 meliora
482 2745 646 2784 susurnam
666 2729 887 2785 ahmaneassr'at
906 2729 1003 2787 tuam'.
1036 2730 1186 2788 Pacuvius
1205 2732 1294 2790 Medo

82 2821 217 2898 ‘possum
239 2839 296 2897 ego
317 2821 403 2880 istam
424 2821 522 2897 capite
544 2821 656 2880 cladem
678 2822 940 2881 averruneassere’.
971 2822 1014 2882 M.
1037 2822 1152 2882 Tullius
1174 2825 1210 2884 de
1231 2826 1293 2885 fini·

81 2917 136 2974 bus
163 2916 309 2974 bonorum
335 2921 366 2973 et
390 2916 532 2974 malcrum
558 2915 628 2992 (hoe
655 2913 775 2991 falsum)
797 2915 836 2973 ‘di
863 2915 1028 2974 maluerunt
1054 2918 1175 2977 meliora
1204 2927 1293 2997 atque

82 3011 243 3070 amentiam
265 2996 508 3070 abemuncassint
527 3009 657 3069 meem’.'’

161 3106 228 3163 542.
270 3102 386 3163 Nonius
401 3124 430 3182 p.
444 3102 490 3180 14,
502 3107 539 3164 29
555 3104 690 3180 “Apisci‚
705 3101 840 3177 adipisci.
869 3101 1003 3160 Lucilius
1023 3103 1073 3162 lib.
1086 3123 1161 3164 xxm
1181 3107 1224 3167 'ut
1237 3127 1294 3186 ego

82 3199 225 3274 effugiam
246 3196 379 3274 (effecum
394 3198 564 3272 Leidensis)
585 3197 666 3273 quod
687 3196 784 3272 (addit
803 3216 851 3272 epo
868 3195 1131 3276 Guelferbytanus)
1151 3209 1179 3261 55
1195 3206 1294 3263 ...15-

82 3291 231 3368 tellego’.'’
500 3317 502 3322 ·

161 3388 228 3445 543.
270 3387 334 3447 544.
375 3385 491 3446 Nonius
515 3405 543 3463 p.
558 3369 604 3461 88,
620 3388 657 3445 32
681 3383 797 3444 “Cordi
819 3387 881 3455 est,
907 3383 1030 3444 honeste
1051 3387 1176 3464 dietum,
1197 3392 1295 3451 animo

85 3480 178 3538 sedet.
213 3480 347 3538 Lucilius
371 3482 423 3539 lib.
438 3499 512 3537 xxvr
538 3479 814 3539 ‘et...aebcmeater
835 3478 990 3556 displicet'.
1022 3481 1158 3559 idemque
1184 3483 1220 3542 ‘sx
1240 3487 1294 3545 tibi

84 3621 90 3634 .
104 3620 110 3633 .
123 3619 129 3633 .
141 3573 223 3650 quod
244 3593 282 3630 55
304 3574 441 3634 utilem’.”

161 3669 227 3727 545.
261 3667 377 3728 Nonius
392 3687 420 3745 p.
430 3671 496 3742 353,
510 3674 542 3728 11
560 3667 653 3744 “Niti,
668 3668 772 3726 fultum
787 3685 862 3728 esse.
891 3669 1025 3727 Lucilius
1039 3669 1089 3729 lib.
1099 3690 1172 3729 xxvi
1189 3672 1295 3730 ‘sumus

84 3762 206 3836 (mamis
219 3762 321 3820 Iunius
336 3768 367 3820 et
375 3762 538 3837 Mercerus)
552 3767 667 3822 attinere
680 3763 737 3837 (sic
749 3761 1012 3838 Guelferbytanus:
1032 3768 1114 3822 sitire
1124 3766 1295 3846 Leidensis)

47 3900 51 3907 .
85 3854 193 3931 opibus
210 3856 377 3915 ...siem'.”
445 3899 448 3905 -
1203 3857 1208 3865 '

86 3985 288 3996 -—.-——-—.

163 4055 230 4113 539.
270 4057 322 4112 aiis
342 4053 391 4111 Fr.
411 4053 524 4112 Densa.

162 4132 228 4190 540.
268 4132 364 4205 infelix
384 4131 486 4206 lippum
507 4136 658 4188 eluceant
677 4128 746 4186 olim
767 4131 913 4208 impressi.

162 4210 227 4266 541,
270 4210 312 4264 Ja‘
334 4212 468 4265 moneant
489 4207 614 4266 Pacuvii
636 4223 738 4264 versus
764 4209 844 4285 apud
865 4208 1032 4267 Varronem
1054 4206 1090 4264 de
1111 4207 1213 4282 lingua
1234 4210 1294 4268 La·

85 4285 150 4346 tina
167 4303 209 4341 vn
228 4303 258 4362 p.
273 4287 320 4356 81,
335 4285 372 4342 22
393 4291 423 4342 55
443 4284 524 4360 apud
545 4283 670 4342 Paulum
690 4284 766 4343 libro
781 4305 836 4342 xxx
856 4303 892 4342 ex
910 4283 1003 4342 Festo
1024 4302 1052 4358 p.
1069 4285 1123 4341 160
1146 4285 1244 4360 Lind.‚
1266 4292 1296 4344 et

88 4361 208 4440 quidem
228 4363 258 4420 in
281 4360 405 4436 Chryse,
427 4369 459 4420 ut
479 4368 605 4420 testatur
624 4361 740 4422 Nouius
761 4381 789 4439 p.
805 4361 871 4435 501,
887 4363 932 4421 26.

165 4440 229 4498 544.
267 4440 346 4515 'quod
364 4457 424 4496 rere
444 4438 556 4499 Iunius.
637 4441 641 4450 '
