3202 5180
658 379 711 428 VH

186 550 221 616 id
245 550 347 615 solum
371 547 529 615 aduersae
552 548 700 616 fortunae
723 569 822 634 reque
845 550 973 616 resistit.
1064 571 1066 576 ·

187 723 298 806 pluma
320 728 416 804 atquc
439 719 612 805 amlilapoe
635 727 667 787 55
688 720 716 787 si
738 720 826 787 aliud
849 719 927 805 quid
950 721 1138 787 deliciarum

98 899 149 957 225
187 891 232 957 da
253 891 364 957 bibere
387 891 427 956 ab
451 912 573 958 summo

339 1064 566 1131 Sardinensem
589 1069 706 1131 terram

556 1237 661 1321 ipsum
684 1235 760 1320 quid
784 1236 891 1303 lacere
914 1242 1014 1322 optes.

642 1480 725 1564 VII

101 1676 120 1716 *
188 1678 241 1761 qui
265 1684 296 1743 te
320 1679 436 1763 diligat
457 1683 553 1748 aelati
578 1681 724 1765 facieque
746 1687 820 1746 luae
843 1699 878 1744 se

157 1852 223 1910 223.
265 1851 380 1911 Nonius
406 1871 435 1929 p.
451 1855 518 1925 500,
537 1858 571 1913 21
600 1853 780 1914 “Ablativus
807 1870 861 1930 pro
888 1852 1025 1928 genetivo
1048 1851 1229 1927 (addendum
1248 1859 1292 1914 vel

79 1943 196 2020 dativo).
219 1944 357 2003 ...idem
378 1945 428 2005 lib.
445 1966 475 2003 vr
497 1947 546 2006 ‘nr
566 1947 597 2008 id
619 1953 775 2025 ...reique
796 1947 942 2006 resistit’.”
1284 1945 1285 1950 ’

156 2040 223 2098 224.
264 2039 380 2098 Nonius
401 2059 429 2118 p.
445 2044 511 2117 540,
528 2045 564 2103 25
586 2041 777 2120 “Amfgtcpao
797 2043 897 2100 vestes
919 2039 1055 2100 dicuutur
1075 2041 1219 2120 utrimque
1240 2043 1289 2104 he·

77 2135 184 2193 555555
210 2133 304 2193 villos.
332 2135 482 2195 ...idem
507 2135 557 2195 lib.
574 2156 605 2194 vr
632 2135 741 2214 ‘plume
824 2123 1013 2194 deliciarum'.
1061 2135 1159 2196 Varro
1186 2138 1290 2198 Manio

79 2227 214 2287 ‘alterum
235 2229 311 2287 bene
332 2235 487 2308 occeptum
508 2231 633 2290 dormire
656 2249 744 2308 super
764 2232 893 2307 amfitclro
914 2229 989 2288 bene
1010 2230 1126 2289 molli'.”

155 2325 222 2382 225.
263 2323 399 2384 Donatus
426 2325 465 2384 ad
492 2325 623 2386 Terentii
649 2325 794 2385 Andriam
815 2328 895 2396 552
921 2343 950 2401 p.
965 2325 1003 2383 54
1028 2322 1138 2398 “Quod
1164 2324 1235 2386 iussi
1264 2329 1290 2386 ci

78 2416 150 2475 dare
181 2418 283 2477 bibere
312 2423 342 2475 55
367 2427 507 2495 quantum
533 2421 676 2498 imperavi
707 2420 785 2480 dcte.
832 2417 1051 2479 consuetudine
1081 2420 1174 2496 magis
1202 2439 1288 2498 quem

78 2513 193 2572 ratione
220 2511 295 2571 dixit
319 2531 372 2588 pro
399 2513 467 2574 date
495 2514 608 2591 (darei)
634 2516 660 2574 ei
684 2516 841 2592 potionem.
890 2512 1025 2572 Lucilius
1051 2513 1080 2570 in
1108 2520 1193 2573 sexto
1215 2514 1290 2574 ‘dcte
1356 2590 1358 2594 Α

77 2609 181 2667 bibere
201 2608 322 2667 minuro'.
363 2627 430 2668 nam
451 2609 510 2669 duo
531 2609 623 2669 verba
644 2609 744 2669 activa
769 2609 877 2668 nullom
904 2607 1019 2667 habeut
1044 2607 1289 2683 significationem

79 2703 142 2762 sine
165 2703 283 2761 nomine
305 2710 355 2762 eut
375 2704 556 2780 pronomine,
578 2708 610 2762 ut
630 2701 653 2761 si
676 2701 760 2762 dicus
782 2701 841 2762 ‘dic
862 2702 996 2760 faccrc'.’'
1123 2703 1289 2782 Porphyrio

78 2798 116 2857 ad
138 2798 257 2857 Horatii
285 2817 373 2856 cerm.
388 2818 430 2870 nr,
445 2796 527 2869 21‚t
555 2796 708 2857 “Attendc
733 2795 942 2868 elocutionem,
971 2795 1117 2856 descende
1144 2816 1288 2874 promere,

78 2892 228 2952 descende
249 2900 281 2952 55
302 2910 436 2969 promas;
461 2896 494 2951 ut
514 2899 562 2952 est
580 2891 654 2950 illud
675 2890 787 2950 ‘bibere
808 2889 958 2949 55555ο’.”
997 2891 1102 2951 Codex
1130 2892 1164 2951 F.
1186 2891 1289 2951 Ursini

78 2988 241 3048 ‘descende
262 3003 396 3064 promere
418 3003 471 3062 pro
492 2985 640 3046 descende
662 2993 694 3045 ut
712 2989 803 3062 proni
822 3005 847 3044 e.
868 2984 887 3043 i.
908 2986 1022 3060 Lucilii,
1048 2987 1098 3044 Da
1118 2986 1220 3046 bibere
1241 2988 1287 3044 ab·

75 3083 170 3140 sumo!

154 3178 220 3235 226.
264 3176 431 3253 Porphyrio
444 3175 483 3234 ad
496 3175 613 3235 Horatii
629 3192 795 3234 sermonum
811 3194 830 3250 r,
842 3175 896 3248 3‚1
919 3173 975 3234 “ln
990 3174 1115 3234 eundem
1130 3174 1288 3251 Tigellium

76 3272 297 3345 Hermogenem
319 3277 348 3329 et
367 3271 414 3330 hic
434 3270 591 3342 invehitur,
610 3287 734 3346 eumque
752 3267 881 3328 Sardum
902 3267 988 3341 dixit,
1010 3269 1089 3346 quod
1104 3271 1133 3328 in
1148 3270 1289 3330 Sardinia

77 3365 158 3425 es'set
174 3371 282 3425 natus.
330 3366 530 3424 annotandum
555 3383 626 3441 ergo
654 3364 782 3424 Surdum
810 3370 838 3424 et
864 3363 1075 3425 Sardinensem
1102 3364 1160 3424 dici
1187 3384 1287 3441 posse.
1338 3429 1342 3436 ,

74 3478 143 3520 nam
159 3461 272 3518 ·Lucius
291 3461 426 3520 Scrcitiur
441 3458 651 3520 Surdinensem
672 3457 748 3518 dixit
767 3458 796 3517 in
817 3466 903 3518 sexto
922 3464 1096 3534 satyrorum,
1120 3457 1288 3519 ‘Sardinen

75 3573 136 3613 sem
158 3555 289 3615 terram'.
321 3565 351 3614 at
372 3554 504 3615 Licinius
520 3555 556 3614 de
571 3552 758 3629 Hermogene
775 3554 900 3630 loquens
915 3552 1015 3612 ‘Sardi
1030 3553 1142 3630 Tigelli
1155 3553 1288 3630 putidum

74 3655 165 3724 ceput
186 3648 285 3709 venit',
318 3667 376 3708 non
397 3649 468 3708 nulli
484 3655 581 3708 tamen
596 3656 725 3708 veterum
740 3647 997 3722 grammaticorum
1014 3649 1056 3708 sic
1070 3649 1288 3726 appellationes

72 3744 126 3802 has
149 3743 320 3818 diviserunt,
343 3751 375 3804 55
391 3741 516 3805 Sardum
537 3749 677 3821 putarent
697 3741 756 3801 dici
776 3741 827 3819 qui
847 3741 876 3800 in
891 3740 1032 3804 Sardinia
1048 3751 1134 3804 natus
1149 3743 1196 3816 sit,
1218 3742 1287 3803 Sar-

73 3839 228 3897 dinensem
251 3844 349 3897 aulem
370 3839 496 3896 incolam
519 3837 703 3899 Sardiniac.''

103 3917 105 3924 ⁴
149 3931 216 3992 227.
258 3931 378 3992 Servius
405 3931 565 3992 Fuldensis
592 3932 631 3991 ed
656 3932 809 3992 Aeneidos
829 3951 849 4007 1,
865 3929 901 3991 'ld
922 3931 962 4009 (p.
977 3935 1014 3992 25
1035 3932 1125 4009 Ι)55.)
1152 3931 1287 4011 “Optare

71 4044 129 4084 non
155 4033 270 4086 tentum
292 4026 404 4101 eligere
430 4025 595 4102 significet,
623 4033 656 4085 ut
681 4026 752 4088 alibi
772 4025 956 4103 ‘optavitque
976 4027 1072 4086 locum
1093 4026 1206 4102 regno',
1233 4026 1287 4085 sed

70 4123 159 4181 etiam
182 4122 267 4198 velle,
290 4126 322 4179 ut
343 4120 399 4179 hoc
420 4121 496 4196 loco,
518 4120 589 4198 quid
610 4127 704 4198 optes,
726 4120 796 4197 quid
819 4121 903 4180 velis.
943 4118 1076 4179 Lucilius
1097 4120 1126 4178 in
1146 4140 1177 4178 vr
1198 4120 1285 4181 ‘num

46 4207 167 4292 *ipsum
189 4218 288 4278 facere
310 4215 417 4294 optes',
440 4215 470 4276 id
490 4223 538 4275 cst
558 4214 661 4275 velie.”

147 4312 214 4371 228.
256 4309 370 4370 Gellius
391 4329 433 4385 rx,
450 4311 487 4368 14
507 4309 565 4370 “Iu
586 4328 659 4370 5555
681 4317 780 4370 autem
808 4308 913 4384 dandi,
939 4309 989 4384 qui
1015 4308 1170 4385 purissime
1197 4310 1289 4369 locuti

45 4425 49 4432 ¹
69 4417 271 4426 ——-—-——-—

146 4458 214 4517 223.
254 4460 296 4518 Id
313 4459 400 4518 colum
420 4457 514 4520 Ianus
528 4459 643 4521 Donsa.
763 4458 782 4498 *
806 4456 894 4518 Ocni.
908 4474 1011 4518 comm.
1026 4457 1056 4517 in
1072 4457 1161 4519 Lucr.
1175 4477 1205 4536 p.
1219 4461 1285 4519 150.
