3204 5184
330 367 373 434 52
898 369 963 422 XVI

439 538 570 606 novisse
593 539 702 606 aicbat
722 539 819 624 solos,
842 559 906 623 quo
929 539 969 606 de
991 540 1096 622 magis
1119 539 1198 604 istos

438 663 480 710 ex
501 642 610 708 nimbo
633 643 788 709 austellos
810 661 871 707 uec
892 661 987 709 nosse
1010 661 1070 707 neo
1092 661 1163 708 esse
1185 647 1308 726 putare.

438 855 510 921 ‘hoo
532 855 619 921 aliud
642 856 739 940 louge
762 857 820 922 est'
842 857 946 941 inquit
969 857 1024 941 qui
1047 877 1125 942 cepo
1148 856 1284 922 screbat.

792 1069 927 1155 Lysippi
950 1070 1094 1154 Iuppiter
1117 1070 1198 1134 istac

349 1181 398 1241 ⁴5⁵
435 1172 584 1238 transibit
606 1170 826 1255 quadraginta
848 1173 957 1238 cubita
978 1172 1056 1236 altu'
1081 1174 1231 1237 Tarento.

435 1388 469 1452 hi
492 1407 573 1471 quos
595 1384 730 1451 divitiae
752 1384 941 1470 producunt,
965 1391 998 1451 et
1019 1350 1116 1470 caput
1141 1390 1266 1468 ungunt

436 1490 634 1555 horridulum

440 1704 563 1787 legavit
586 1699 717 1786 qnidam
740 1703 834 1766 uxori
856 1702 1009 1767 mundum
1032 1721 1126 1767 omne
1148 1720 1340 1786 penumque.

438 1806 515 1891 quid
537 1803 716 1870 mundum?
739 1803 815 1887 quid
838 1803 925 1869 non?
947 1826 1022 1870 nam
1045 1804 1118 1887 quis
1142 1801 1294 1868 diiudicet
1317 1802 1421 1868 istuc?

331 1985 542 2005 ψ

329 2113 382 2167 r'ex
409 2113 494 2166 cotos
522 2105 570 2164 ille
598 2106 667 2164 duos
689 2104 744 2164 hos
759 2122 985 2165 ...novissima
1013 2105 1113 2165 aiebat
1139 2102 1245 2172 (olebat
1264 2101 1434 2176 Leideusis)
1461 2104 1533 2162 solos

329 2201 468 2275 armagis
549 2217 602 2258 nec
631 2217 698 2258 osse
724 2201 763 2274 (eo
788 2197 958 2276 Leidensis)
985 2199 1124 2276 putare’.”
1217 2197 1332 2256 Paulus
1357 2197 1434 2255 libro
1454 2216 1483 2254 ιν
1503 2216 1533 2256 er

244 2348 252 2365 ,
330 2295 422 2355 Festo
443 2313 471 2370 p.
484 2295 522 2352 54
542 2292 705 2367 “Demagis
718 2311 773 2370 pro
788 2294 881 2351 minus
897 2293 989 2368 (nimis
1002 2293 1057 2350 viri
1071 2290 1163 2370 docti)
1179 2291 1292 2368 antiqui
1307 2291 1473 2351 dicebant.”

331 2387 516 2448 Glossarium
537 2385 694 2444 Philoxeni
714 2386 890 2462 “Demagis,
912 2385 1086 2466 ospo‹lpoic.”
1173 2386 1258 2444 Haec
1279 2386 1377 2445 omnia
1402 2387 1441 2447 ad
1463 2387 1533 2445 huno

329 2499 416 2540 unum
438 2479 545 2539 Lucilii
566 2497 682 2540 versum
702 2483 860 2558 pertinent.

406 2577 473 2634 453.
514 2574 629 2634 Nouius
644 2594 673 2652 p.
685 2579 753 2648 201,
768 2579 787 2634 4
808 2574 913 2650 “Cape
928 2575 1045 2650 generis
1061 2574 1163 2632 neutri.
1186 2563 1322 2632 ...idem
1343 2576 1395 2636 lib.
1408 2596 1461 2634 xvr
1474 2577 1533 2636 ‘hoc

331 2714 337 2728 .
351 2715 358 2728 .
371 2715 377 2728 .
390 2667 542 2726 serebat’.''

407 2762 473 2820 454.
514 2757 632 2820 Nonius
647 2781 676 2839 p.
686 2764 752 2836 201,
766 2766 800 2822 17
816 2761 966 2820 “Cubitus
981 2760 1134 2838 masculini
1148 2760 1275 2835 generis.
1301 2765 1395 2824 neutri
1408 2765 1534 2824 Lucilius

330 2861 493 2931 satyrarum
516 2854 567 2913 lib.
582 2873 635 2913 xvr
656 2855 775 2936 ‘lysippi
796 2857 925 2932 iuppiter
945 2874 1012 2911 rsrn
1034 2859 1162 2914 maudoit
1176 2901 1182 2914 .
1194 2901 1201 2915 .
1213 2901 1220 2914 .
1233 2859 1384 2918 tarento’.'’

405 2951 471 3007 456.
511 2947 541 3006 N
544 2950 628 3008 onius
643 2969 673 3026 p.
683 2951 750 3025 422,
762 2954 799 3009 33
815 2948 994 3009 “Horridum
1007 2950 1177 3025 plerumque
1192 2954 1313 3008 exstans
1327 2960 1357 3010 et
1370 2956 1534 3028 prominens

328 3046 361 3101 et
374 3037 517 3100 tarantum
531 3041 579 3118 (i).
601 3089 645 3103 ...
661 3044 794 3103 Lucilius
809 3051 974 3120 satyrorum
995 3044 1045 3101 lib.
1061 3062 1112 3100 xrr
1129 3041 1189 3100 ‘um
1205 3044 1265 3118 (etit
1279 3044 1451 3126 Leidensis)
1466 3065 1534 3124 quos

329 3181 336 3195 .
348 3182 355 3195 .
368 3135 601 3195 .horridulum'.'’

408 3231 475 3289 458.
516 3227 629 3290 Gellius
650 3233 719 3304 ιν,1
744 3230 906 3291 “Mundum
927 3249 1043 3310 quoque
1064 3231 1235 3289 muliebrem
1256 3229 1389 3292 Lucilius
1419 3236 1448 3293 in
1470 3236 1534 3296 sati-

328 3341 425 3384 rarum
446 3332 520 3382 seoto
541 3323 644 3382 decim
666 3341 723 3382 uon
746 3325 821 3384 virili
843 3344 968 3402 genere,
989 3335 1021 3384 ut
1041 3324 1147 3398 ceteri,
1175 3324 1228 3382 sed
1249 3333 1354 3386 neutro
1376 3330 1536 3406 appellarit

330 3417 385 3480 his.
404 3415 549 3488 uersibus.
590 3415 710 3492 ‘legarit
791 3437 875 3478 omne
898 3420 995 3498 (addit
1020 3430 1102 3495 atquc
1122 3417 1218 3476 codex
1239 3416 1398 3496 Schoppii)
1419 3441 1534 3499 penum·

328 3507 529 3590 que-...quid
549 3527 608 3570 uon
625 3513 691 3570 riam
712 3511 827 3588 (penum
848 3532 903 3591 pro
922 3533 1056 3572 nonnam
1079 3511 1175 3570 codex
1197 3510 1354 3588 Sohoppii)
1376 3517 1444 3590 quis
1466 3516 1534 3574 diiu-

329 3606 410 3668 dicet
430 3605 491 3682 (qai
509 3605 614 3664 dividet
631 3603 723 3680 idem)
745 3605 878 3666 isthuc’.”
969 3606 1085 3666 Nonius
1109 3623 1137 3680 p.
1156 3606 1222 3679 214,
1245 3605 1277 3665 ll
1300 3605 1459 3668 “Mundus
1479 3628 1534 3667 mu·

327 3695 407 3763 lteris
422 3699 478 3778 (sic
494 3697 697 3774 Busileeuses)
712 3701 829 3775 generis
845 3700 1009 3760 masculini.
1041 3700 1136 3758 neutri
1150 3698 1283 3757 Lucilius
1303 3700 1354 3760 lib.
1375 3716 1448 3756 xrrr
1459 3701 1535 3778 ’ἱεραὶ

329 3791 417 3854 uxori
432 3791 576 3854 muudum
596 3809 682 3852 omne
701 3794 905 3870 penumque'.”

258 3927 262 3938 1
326 3943 528 3962 m

326 4034 448 4118 iungere
469 4057 535 4103 oum
556 4039 697 4100 adverbio
718 4040 797 4117 quod
819 4059 876 4100 non
898 4041 1080 4118 significaret
1098 4042 1203 4101 locum.
1234 4042 1291 4100 ium
1309 4043 1379 4121 quia
1394 4045 1533 4121 syllabam

325 4119 474 4182 excidisse
496 4121 636 4195 apparet,
662 4125 734 4193 puto
757 4119 944 4178 scribendum
965 4137 1031 4178 esse
1056 4137 1109 4195 quo
1130 4121 1164 4176 do
1187 4125 1290 4196 napis,
1311 4120 1393 4196 quod
1416 4121 1532 4180 Verrius

250 4218 253 4224 ·
328 4193 455 4254 Flaccus
477 4197 626 4272 putaverit
648 4211 715 4252 esse
735 4214 789 4269 quo
802 4202 899 4272 napis,
920 4215 985 4255 oum
1007 4195 1130 4254 deberet
1149 4196 1192 4253 ita
1208 4197 1407 4273 interpretari,
1428 4195 1531 4274 quade

243 4319 245 4330 .
325 4283 360 4330 re
378 4275 473 4346 magis
493 4273 536 4331 ita
554 4273 671 4345 sentire,
692 4288 788 4346 neque
802 4291 891 4330 nosse
907 4291 938 4330 se
953 4291 1004 4332 eos
1019 4291 1113 4348 neque
1128 4278 1233 4349 putare
1248 4276 1367 4333 omuino
1383 4293 1461 4334 esse.

403 4351 469 4406 451.
508 4355 614 4407 socioso
634 4348 746 4407 Iunius.

401 4425 467 4484 456.
509 4427 550 4481 Hi
569 4445 637 4501 poor
659 4425 769 4484 lunius
