<?xml version="1.0" encoding="UTF-8"?>
<!DOCTYPE html PUBLIC "-//W3C//DTD XHTML 1.0 Transitional//EN"
    "http://www.w3.org/TR/xhtml1/DTD/xhtml1-transitional.dtd">
<html xmlns="http://www.w3.org/1999/xhtml" xml:lang="en" lang="en">
 <head>
  <title>
</title>
<meta http-equiv="Content-Type" content="text/html;charset=utf-8" />
  <meta name='ocr-system' content='tesseract 3.04.00' />
  <meta name='ocr-capabilities' content='ocr_page ocr_carea ocr_par ocr_line ocrx_word'/>
</head>
<body>
  <div class='ocr_page' id='page_1' title='image "./saturarum02lucigoog_0068.png"; bbox 0 0 3202 5180; ppageno 0'>
   <div class='ocr_carea' id='block_1_1' title="bbox 624 358 718 406">
    <p class='ocr_par' dir='ltr' id='par_1_1' title="bbox 624 358 718 406">
     <span class='ocr_line' id='line_1_1' title="bbox 624 358 718 406; baseline 0 0"><span class='ocrx_word' id='word_1_1' title='bbox 624 358 718 406; x_wconf 82' lang='lat' dir='ltr'>XVIII</span> 
     </span>
    </p>
   </div>
   <div class='ocr_carea' id='block_1_2' title="bbox 538 587 843 680">
    <p class='ocr_par' dir='ltr' id='par_1_2' title="bbox 538 587 843 680">
     <span class='ocr_line' id='line_1_2' title="bbox 538 587 843 680; baseline -0.007 -1"><span class='ocrx_word' id='word_1_2' title='bbox 538 597 541 602; x_wconf 84' lang='grc'><strong>’</strong></span> <span class='ocrx_word' id='word_1_3' title='bbox 591 593 741 680; x_wconf 86' lang='lat' dir='ltr'>XVIII</span> <span class='ocrx_word' id='word_1_4' title='bbox 840 587 843 592; x_wconf 69' lang='grc'><strong>’</strong></span> 
     </span>
    </p>
   </div>
   <div class='ocr_carea' id='block_1_3' title="bbox 418 766 913 854">
    <p class='ocr_par' dir='ltr' id='par_1_3' title="bbox 418 766 913 854">
     <span class='ocr_line' id='line_1_3' title="bbox 418 766 913 854; baseline 0.002 -23"><span class='ocrx_word' id='word_1_5' title='bbox 418 784 522 852; x_wconf 83' lang='lat' dir='ltr'><strong>oeque</strong></span> <span class='ocrx_word' id='word_1_6' title='bbox 545 766 702 833; x_wconf 87' lang='lat' dir='ltr'><strong>fruniscor</strong></span> <span class='ocrx_word' id='word_1_7' title='bbox 725 785 786 850; x_wconf 89' lang='lat' dir='ltr'><strong>ego</strong></span> <span class='ocrx_word' id='word_1_8' title='bbox 809 787 848 834; x_wconf 81' lang='lat' dir='ltr'><strong>ae</strong></span> <span class='ocrx_word' id='word_1_9' title='bbox 868 773 913 854; x_wconf 85' lang='lat' dir='ltr'><strong>tu.</strong></span> 
     </span>
    </p>
   </div>
   <div class='ocr_carea' id='block_1_4' title="bbox 76 929 921 1122">
    <p class='ocr_par' dir='ltr' id='par_1_4' title="bbox 76 897 921 1122">
     <span class='ocr_line' id='line_1_4' title="bbox 677 929 921 1014; baseline 0 -20"><span class='ocrx_word' id='word_1_10' title='bbox 677 929 712 994; x_wconf 95' lang='lat' dir='ltr'><strong>in</strong></span> <span class='ocrx_word' id='word_1_11' title='bbox 734 948 770 994; x_wconf 90' lang='lat' dir='ltr'><strong>re</strong></span> <span class='ocrx_word' id='word_1_12' title='bbox 792 929 921 1014; x_wconf 82' lang='lat' dir='ltr'><strong>agenda</strong></span> 
     </span>
     <span class='ocr_line' id='line_1_5' title="bbox 76 1031 792 1122; baseline -0.006 -20"><span class='ocrx_word' id='word_1_13' title='bbox 76 1045 127 1102; x_wconf 76' lang='lat'><strong>48⁵</strong></span> <span class='ocrx_word' id='word_1_14' title='bbox 170 1037 246 1122; x_wconf 87' lang='lat' dir='ltr'><strong>ipsa</strong></span> <span class='ocrx_word' id='word_1_15' title='bbox 268 1031 401 1098; x_wconf 78' lang='lat' dir='ltr'>ridicule</span> <span class='ocrx_word' id='word_1_16' title='bbox 422 1031 521 1097; x_wconf 82' lang='lat' dir='ltr'><strong>iactet</strong></span> <span class='ocrx_word' id='word_1_17' title='bbox 542 1036 597 1116; x_wconf 83' lang='lat' dir='ltr'><strong>qul</strong></span> <span class='ocrx_word' id='word_1_18' title='bbox 619 1031 792 1098; x_wconf 84' lang='lat' dir='ltr'><strong>adsederit.</strong></span> 
     </span>
    </p>
   </div>
   <div class='ocr_carea' id='block_1_5' title="bbox 120 1194 1010 1383">
    <p class='ocr_par' dir='ltr' id='par_1_5' title="bbox 120 1194 1010 1383">
     <span class='ocr_line' id='line_1_6' title="bbox 168 1194 1010 1280; baseline -0.005 -18"><span class='ocrx_word' id='word_1_19' title='bbox 168 1196 262 1262; x_wconf 83' lang='lat' dir='ltr'><strong>milia</strong></span> <span class='ocrx_word' id='word_1_20' title='bbox 284 1194 361 1258; x_wconf 90' lang='lat' dir='ltr'><strong>dum</strong></span> <span class='ocrx_word' id='word_1_21' title='bbox 384 1197 509 1264; x_wconf 87' lang='lat' dir='ltr'><strong>centum</strong></span> <span class='ocrx_word' id='word_1_22' title='bbox 531 1194 683 1262; x_wconf 80' lang='lat' dir='ltr'><strong>frumenti</strong></span> <span class='ocrx_word' id='word_1_23' title='bbox 705 1195 782 1262; x_wconf 90' lang='lat' dir='ltr'><strong>tolli’</strong></span> <span class='ocrx_word' id='word_1_24' title='bbox 805 1194 1010 1280; x_wconf 82' lang='lat' dir='ltr'><strong>medimnum,</strong></span> 
     </span>
     <span class='ocr_line' id='line_1_7' title="bbox 120 1297 496 1383; baseline -0.003 -20"><span class='ocrx_word' id='word_1_25' title='bbox 120 1313 122 1316; x_wconf 80' lang='grc'><strong>’</strong></span> <span class='ocrx_word' id='word_1_26' title='bbox 168 1297 238 1364; x_wconf 90' lang='lat' dir='ltr'><strong>vini</strong></span> <span class='ocrx_word' id='word_1_27' title='bbox 260 1299 349 1364; x_wconf 89' lang='lat' dir='ltr'><strong>mille</strong></span> <span class='ocrx_word' id='word_1_28' title='bbox 370 1297 496 1383; x_wconf 84' lang='lat' dir='ltr'><strong>eadum,</strong></span> 
     </span>
    </p>
   </div>
   <div class='ocr_carea' id='block_1_6' title="bbox 171 1458 971 1660">
    <p class='ocr_par' dir='ltr' id='par_1_6' title="bbox 171 1458 971 1660">
     <span class='ocr_line' id='line_1_8' title="bbox 492 1458 960 1546; baseline 0.002 -22"><span class='ocrx_word' id='word_1_29' title='bbox 492 1479 569 1528; x_wconf 85' lang='lat' dir='ltr'><strong>nam</strong></span> <span class='ocrx_word' id='word_1_30' title='bbox 590 1462 654 1527; x_wconf 90' lang='lat' dir='ltr'><strong>mel</strong></span> <span class='ocrx_word' id='word_1_31' title='bbox 676 1461 863 1546; x_wconf 83' lang='lat' dir='ltr'><strong>regionibus</strong></span> <span class='ocrx_word' id='word_1_32' title='bbox 886 1458 960 1545; x_wconf 91' lang='lat' dir='ltr'><strong>illis,</strong></span> 
     </span>
     <span class='ocr_line' id='line_1_9' title="bbox 171 1562 971 1660; baseline -0.001 -31"><span class='ocrx_word' id='word_1_33' title='bbox 171 1564 358 1631; x_wconf 83' lang='lat' dir='ltr'><strong>incrustatu’</strong></span> <span class='ocrx_word' id='word_1_34' title='bbox 385 1563 479 1649; x_wconf 72' lang='lat' dir='ltr'><strong>nullu,</strong></span> <span class='ocrx_word' id='word_1_35' title='bbox 502 1562 586 1628; x_wconf 86' lang='lat' dir='ltr'><strong>rutai</strong></span> <span class='ocrx_word' id='word_1_36' title='bbox 609 1563 711 1660; x_wconf 75' lang='lat' dir='ltr'><strong>oeulis</strong></span> <span class='ocrx_word' id='word_1_37' title='bbox 733 1563 878 1630; x_wconf 86' lang='lat' dir='ltr'><strong>habetur.</strong></span> <span class='ocrx_word' id='word_1_38' title='bbox 969 1615 971 1618; x_wconf 92' lang='lat'><strong>.</strong></span> 
     </span>
    </p>
   </div>
   <div class='ocr_carea' id='block_1_7' title="bbox 78 1709 1068 1812">
    <p class='ocr_par' dir='ltr' id='par_1_7' title="bbox 78 1709 1068 1812">
     <span class='ocr_line' id='line_1_10' title="bbox 78 1709 1068 1812; baseline -0.003 -21"><span class='ocrx_word' id='word_1_39' title='bbox 78 1731 132 1792; x_wconf 80' lang='grc'><strong>440</strong></span> <span class='ocrx_word' id='word_1_40' title='bbox 174 1726 316 1812; x_wconf 90' lang='lat' dir='ltr'><strong>denique</strong></span> <span class='ocrx_word' id='word_1_41' title='bbox 338 1726 382 1790; x_wconf 89' lang='lat' dir='ltr'><strong>uti</strong></span> <span class='ocrx_word' id='word_1_42' title='bbox 405 1725 502 1791; x_wconf 92' lang='lat' dir='ltr'><strong>stulto</strong></span> <span class='ocrx_word' id='word_1_43' title='bbox 525 1724 571 1789; x_wconf 92' lang='lat' dir='ltr'><strong>nil</strong></span> <span class='ocrx_word' id='word_1_44' title='bbox 594 1724 636 1792; x_wconf 90' lang='lat' dir='ltr'><strong>sit</strong></span> <span class='ocrx_word' id='word_1_45' title='bbox 657 1727 746 1812; x_wconf 86' lang='lat' dir='ltr'><strong>satis,</strong></span> <span class='ocrx_word' id='word_1_46' title='bbox 770 1725 880 1792; x_wconf 82' lang='lat' dir='ltr'><strong>omnia</strong></span> <span class='ocrx_word' id='word_1_47' title='bbox 902 1745 974 1792; x_wconf 89' lang='lat' dir='ltr'><strong>eum</strong></span> <span class='ocrx_word' id='word_1_48' title='bbox 995 1709 1068 1791; x_wconf 84' lang='lat' dir='ltr'><strong>sint.</strong></span> 
     </span>
    </p>
   </div>
   <div class='ocr_carea' id='block_1_8' title="bbox 551 1948 752 2069">
    <p class='ocr_par' dir='ltr' id='par_1_8' title="bbox 551 1948 752 2069">
     <span class='ocr_line' id='line_1_11' title="bbox 551 1948 752 2069; baseline 0 -3"><span class='ocrx_word' id='word_1_49' title='bbox 551 1948 555 1955; x_wconf 82' lang='grc'><strong>’</strong></span> <span class='ocrx_word' id='word_1_50' title='bbox 582 1982 752 2069; x_wconf 72' lang='lat' dir='ltr'><strong>nunu</strong></span> 
     </span>
    </p>
   </div>
   <div class='ocr_carea' id='block_1_9' title="bbox 171 2141 1033 2244">
    <p class='ocr_par' dir='ltr' id='par_1_9' title="bbox 171 2141 1033 2244">
     <span class='ocr_line' id='line_1_12' title="bbox 171 2141 1033 2244; baseline 0.002 -24"><span class='ocrx_word' id='word_1_51' title='bbox 171 2155 282 2238; x_wconf 81' lang='lat' dir='ltr'><strong>rugosi</strong></span> <span class='ocrx_word' id='word_1_52' title='bbox 304 2141 457 2240; x_wconf 82' lang='lat' dir='ltr'><strong>passique</strong></span> <span class='ocrx_word' id='word_1_53' title='bbox 479 2175 574 2222; x_wconf 85' lang='lat' dir='ltr'><strong>senes</strong></span> <span class='ocrx_word' id='word_1_54' title='bbox 598 2156 712 2223; x_wconf 86' lang='lat' dir='ltr'><strong>eadem</strong></span> <span class='ocrx_word' id='word_1_55' title='bbox 735 2156 844 2222; x_wconf 88' lang='lat' dir='ltr'><strong>omnia</strong></span> <span class='ocrx_word' id='word_1_56' title='bbox 866 2162 1033 2244; x_wconf 84' lang='lat' dir='ltr'><strong>quaerunt.</strong></span> 
     </span>
    </p>
   </div>
   <div class='ocr_carea' id='block_1_10' title="bbox 64 2326 1276 2482">
    <p class='ocr_par' dir='ltr' id='par_1_10' title="bbox 64 2326 1276 2482">
     <span class='ocr_line' id='line_1_13' title="bbox 90 2326 1276 2406; baseline 0.002 -20"><span class='ocrx_word' id='word_1_57' title='bbox 90 2341 92 2344; x_wconf 88' lang='grc'><strong><em>·</em></strong></span> <span class='ocrx_word' id='word_1_58' title='bbox 132 2329 213 2405; x_wconf 65' lang='grc'><strong>483.»</strong></span> <span class='ocrx_word' id='word_1_59' title='bbox 249 2326 366 2388; x_wconf 87' lang='lat' dir='ltr'><strong>Nouius</strong></span> <span class='ocrx_word' id='word_1_60' title='bbox 380 2346 410 2404; x_wconf 88' lang='lat' dir='ltr'><strong>p.</strong></span> <span class='ocrx_word' id='word_1_61' title='bbox 423 2328 518 2403; x_wconf 77' lang='lat'>113,7</span> <span class='ocrx_word' id='word_1_62' title='bbox 536 2327 693 2388; x_wconf 83' lang='lat' dir='ltr'><strong>“Frunisci</strong></span> <span class='ocrx_word' id='word_1_63' title='bbox 706 2345 761 2405; x_wconf 90' lang='lat' dir='ltr'><strong>pro</strong></span> <span class='ocrx_word' id='word_1_64' title='bbox 777 2328 843 2391; x_wconf 80' lang='lat' dir='ltr'><strong>frui.</strong></span> <span class='ocrx_word' id='word_1_65' title='bbox 873 2327 1006 2388; x_wconf 81' lang='lat' dir='ltr'><strong>Lucilius</strong></span> <span class='ocrx_word' id='word_1_66' title='bbox 1020 2326 1071 2388; x_wconf 91' lang='lat' dir='ltr'><strong>lib.</strong></span> <span class='ocrx_word' id='word_1_67' title='bbox 1083 2345 1158 2400; x_wconf 83' lang='lat' dir='ltr'><strong>xvru</strong></span> <span class='ocrx_word' id='word_1_68' title='bbox 1172 2327 1276 2406; x_wconf 81' lang='lat' dir='ltr'><strong>‘aeque</strong></span> 
     </span>
     <span class='ocr_line' id='line_1_14' title="bbox 64 2423 1007 2482; baseline 0 0"><span class='ocrx_word' id='word_1_69' title='bbox 64 2469 71 2482; x_wconf 89' lang='lat'><strong>.</strong></span> <span class='ocrx_word' id='word_1_70' title='bbox 124 2423 192 2481; x_wconf 81' lang='lat' dir='ltr'><strong>tu’&#39;’</strong></span> <span class='ocrx_word' id='word_1_71' title='bbox 1004 2423 1007 2430; x_wconf 79' lang='grc'>’</span> 
     </span>
    </p>
   </div>
   <div class='ocr_carea' id='block_1_11' title="bbox 83 2467 1276 2592">
    <p class='ocr_par' dir='ltr' id='par_1_11' title="bbox 83 2467 1276 2592">
     <span class='ocr_line' id='line_1_15' title="bbox 83 2467 1276 2592; baseline 0 -18"><span class='ocrx_word' id='word_1_72' title='bbox 83 2467 109 2482; x_wconf 86' lang='lat'><strong>··</strong></span> <span class='ocrx_word' id='word_1_73' title='bbox 141 2468 207 2575; x_wconf 68' lang='lat' dir='ltr'><strong>dur.</strong></span> <span class='ocrx_word' id='word_1_74' title='bbox 247 2514 364 2576; x_wconf 89' lang='lat' dir='ltr'><strong>Nonius</strong></span> <span class='ocrx_word' id='word_1_75' title='bbox 385 2534 414 2592; x_wconf 89' lang='lat' dir='ltr'><strong>p.</strong></span> <span class='ocrx_word' id='word_1_76' title='bbox 429 2513 526 2591; x_wconf 77' lang='lat' dir='ltr'><strong>328,t</strong></span> <span class='ocrx_word' id='word_1_77' title='bbox 550 2514 703 2590; x_wconf 57' lang='lat' dir='ltr'><strong>“lactare</strong></span> <span class='ocrx_word' id='word_1_78' title='bbox 726 2516 909 2576; x_wconf 76' lang='lat' dir='ltr'><strong>ambitiosius</strong></span> <span class='ocrx_word' id='word_1_79' title='bbox 920 2497 1060 2592; x_wconf 85' lang='lat' dir='ltr'><strong>gloriari.</strong></span> <span class='ocrx_word' id='word_1_80' title='bbox 1082 2515 1276 2576; x_wconf 84' lang='lat' dir='ltr'><strong>...Lucilius</strong></span> 
     </span>
    </p>
   </div>
   <div class='ocr_carea' id='block_1_12' title="bbox 66 2607 1332 4292">
    <p class='ocr_par' dir='ltr' id='par_1_12' title="bbox 66 2607 1277 2687">
     <span class='ocr_line' id='line_1_16' title="bbox 66 2607 1277 2687; baseline -0.006 -16"><span class='ocrx_word' id='word_1_81' title='bbox 66 2610 116 2671; x_wconf 88' lang='lat' dir='ltr'><strong>lib.</strong></span> <span class='ocrx_word' id='word_1_82' title='bbox 131 2629 208 2669; x_wconf 84' lang='lat' dir='ltr'><strong>xvnr</strong></span> <span class='ocrx_word' id='word_1_83' title='bbox 228 2610 312 2687; x_wconf 70' lang='lat' dir='ltr'><strong>(olim</strong></span> <span class='ocrx_word' id='word_1_84' title='bbox 332 2610 469 2687; x_wconf 84' lang='lat' dir='ltr'><strong>impressi</strong></span> <span class='ocrx_word' id='word_1_85' title='bbox 482 2611 583 2686; x_wconf 75' lang='lat' dir='ltr'><strong>rrum)</strong></span> <span class='ocrx_word' id='word_1_86' title='bbox 604 2609 643 2668; x_wconf 87' lang='lat' dir='ltr'><strong>‘in</strong></span> <span class='ocrx_word' id='word_1_87' title='bbox 660 2627 865 2670; x_wconf 81' lang='lat' dir='ltr'><strong>...nrnrcunn</strong></span> <span class='ocrx_word' id='word_1_88' title='bbox 885 2631 917 2668; x_wconf 89' lang='lat' dir='ltr'><strong>rn</strong></span> <span class='ocrx_word' id='word_1_89' title='bbox 938 2630 1040 2674; x_wconf 78' lang='lat' dir='ltr'><strong>nruuu</strong></span> <span class='ocrx_word' id='word_1_90' title='bbox 1057 2607 1277 2668; x_wconf 77' lang='lat' dir='ltr'><strong>nnsnnnunr&#39;.”</strong></span> 
     </span>
    </p>

    <p class='ocr_par' dir='ltr' id='par_1_13' title="bbox 68 2702 1276 3048">
     <span class='ocr_line' id='line_1_17' title="bbox 141 2702 1275 2782; baseline -0.003 -18"><span class='ocrx_word' id='word_1_91' title='bbox 141 2707 208 2766; x_wconf 86' lang='lat'><strong>486.</strong></span> <span class='ocrx_word' id='word_1_92' title='bbox 248 2703 365 2764; x_wconf 89' lang='lat' dir='ltr'><strong>Nonius</strong></span> <span class='ocrx_word' id='word_1_93' title='bbox 386 2723 415 2781; x_wconf 90' lang='lat' dir='ltr'><strong>p.</strong></span> <span class='ocrx_word' id='word_1_94' title='bbox 432 2705 498 2778; x_wconf 78' lang='lat'>544,</span> <span class='ocrx_word' id='word_1_95' title='bbox 515 2706 549 2762; x_wconf 93' lang='grc'><strong>11</strong></span> <span class='ocrx_word' id='word_1_96' title='bbox 570 2702 679 2777; x_wconf 72' lang='lat' dir='ltr'><strong>“eadi,</strong></span> <span class='ocrx_word' id='word_1_97' title='bbox 701 2722 774 2763; x_wconf 79' lang='lat' dir='ltr'><strong>vesu</strong></span> <span class='ocrx_word' id='word_1_98' title='bbox 795 2706 902 2782; x_wconf 87' lang='lat' dir='ltr'><strong>quibus</strong></span> <span class='ocrx_word' id='word_1_99' title='bbox 924 2706 994 2766; x_wconf 85' lang='lat' dir='ltr'><strong>vinu</strong></span> <span class='ocrx_word' id='word_1_100' title='bbox 1009 2705 1184 2766; x_wconf 88' lang='lat' dir='ltr'><strong>conduntur.</strong></span> <span class='ocrx_word' id='word_1_101' title='bbox 1216 2702 1275 2761; x_wconf 91' lang='lat' dir='ltr'><strong>Lu-</strong></span> 
     </span>
     <span class='ocr_line' id='line_1_18' title="bbox 68 2797 1275 2873; baseline -0.003 -14"><span class='ocrx_word' id='word_1_102' title='bbox 68 2800 149 2860; x_wconf 83' lang='lat' dir='ltr'><strong>cilius</strong></span> <span class='ocrx_word' id='word_1_103' title='bbox 169 2800 220 2858; x_wconf 91' lang='lat' dir='ltr'><strong>lib.</strong></span> <span class='ocrx_word' id='word_1_104' title='bbox 236 2818 313 2856; x_wconf 87' lang='lat' dir='ltr'><strong>xvnr</strong></span> <span class='ocrx_word' id='word_1_105' title='bbox 334 2798 423 2857; x_wconf 81' lang='lat' dir='ltr'><strong>‘milia</strong></span> <span class='ocrx_word' id='word_1_106' title='bbox 443 2815 610 2856; x_wconf 82' lang='lat' dir='ltr'><strong>nucuururu</strong></span> <span class='ocrx_word' id='word_1_107' title='bbox 625 2845 650 2858; x_wconf 91' lang='lat'><strong>..</strong></span> <span class='ocrx_word' id='word_1_108' title='bbox 666 2801 761 2858; x_wconf 58' lang='lat' dir='ltr'><strong>tolles</strong></span> <span class='ocrx_word' id='word_1_109' title='bbox 774 2845 781 2859; x_wconf 93' lang='lat'><strong>.</strong></span> <span class='ocrx_word' id='word_1_110' title='bbox 794 2844 800 2858; x_wconf 93' lang='lat'><strong>.</strong></span> <span class='ocrx_word' id='word_1_111' title='bbox 813 2847 820 2860; x_wconf 89' lang='lat'><strong>.</strong></span> <span class='ocrx_word' id='word_1_112' title='bbox 832 2801 974 2860; x_wconf 83' lang='lat' dir='ltr'><strong>ccdum’.”</strong></span> <span class='ocrx_word' id='word_1_113' title='bbox 1058 2799 1144 2858; x_wconf 88' lang='lat' dir='ltr'><strong>Idem</strong></span> <span class='ocrx_word' id='word_1_114' title='bbox 1166 2816 1195 2873; x_wconf 89' lang='lat' dir='ltr'><strong>p.</strong></span> <span class='ocrx_word' id='word_1_115' title='bbox 1208 2797 1275 2872; x_wconf 81' lang='lat'>495,</span> 
     </span>
     <span class='ocr_line' id='line_1_19' title="bbox 69 2892 1276 2972; baseline -0.002 -20"><span class='ocrx_word' id='word_1_116' title='bbox 69 2897 104 2953; x_wconf 81' lang='lat'><strong>32</strong></span> <span class='ocrx_word' id='word_1_117' title='bbox 119 2894 339 2954; x_wconf 77' lang='lat' dir='ltr'><strong>“Accusativus</strong></span> <span class='ocrx_word' id='word_1_118' title='bbox 351 2893 462 2952; x_wconf 89' lang='lat' dir='ltr'><strong>numeri</strong></span> <span class='ocrx_word' id='word_1_119' title='bbox 476 2892 634 2967; x_wconf 84' lang='lat' dir='ltr'><strong>singularis</strong></span> <span class='ocrx_word' id='word_1_120' title='bbox 650 2893 764 2969; x_wconf 89' lang='lat' dir='ltr'><strong>positus</strong></span> <span class='ocrx_word' id='word_1_121' title='bbox 778 2912 833 2972; x_wconf 92' lang='lat' dir='ltr'><strong>pro</strong></span> <span class='ocrx_word' id='word_1_122' title='bbox 847 2895 980 2970; x_wconf 85' lang='lat' dir='ltr'><strong>genitivo</strong></span> <span class='ocrx_word' id='word_1_123' title='bbox 995 2895 1111 2972; x_wconf 78' lang='lat' dir='ltr'><strong>plurali.</strong></span> <span class='ocrx_word' id='word_1_124' title='bbox 1134 2937 1180 2953; x_wconf 93' lang='lat'><strong>...</strong></span> <span class='ocrx_word' id='word_1_125' title='bbox 1195 2892 1276 2951; x_wconf 87' lang='lat' dir='ltr'><strong>*tol-</strong></span> 
     </span>
     <span class='ocr_line' id='line_1_20' title="bbox 68 2985 640 3048; baseline -0.003 -2"><span class='ocrx_word' id='word_1_126' title='bbox 68 2990 102 3048; x_wconf 90' lang='lat' dir='ltr'><strong>lis</strong></span> <span class='ocrx_word' id='word_1_127' title='bbox 122 2988 300 3047; x_wconf 88' lang='lat' dir='ltr'><strong>medimnum</strong></span> <span class='ocrx_word' id='word_1_128' title='bbox 321 2988 379 3047; x_wconf 87' lang='lat' dir='ltr'><strong>vini</strong></span> <span class='ocrx_word' id='word_1_129' title='bbox 400 2985 478 3045; x_wconf 89' lang='lat' dir='ltr'><strong>mille</strong></span> <span class='ocrx_word' id='word_1_130' title='bbox 499 2986 640 3046; x_wconf 86' lang='lat' dir='ltr'><strong>cudum&#39;.”</strong></span> 
     </span>
    </p>

    <p class='ocr_par' dir='ltr' id='par_1_14' title="bbox 70 3079 1332 3726">
     <span class='ocr_line' id='line_1_21' title="bbox 143 3079 1277 3160; baseline 0.002 -19"><span class='ocrx_word' id='word_1_131' title='bbox 143 3085 208 3144; x_wconf 83' lang='lat'><strong>488.</strong></span> <span class='ocrx_word' id='word_1_132' title='bbox 248 3083 347 3156; x_wconf 86' lang='lat' dir='ltr'><strong>Acro,</strong></span> <span class='ocrx_word' id='word_1_133' title='bbox 370 3079 554 3158; x_wconf 79' lang='lat' dir='ltr'><strong>Porphyris,</strong></span> <span class='ocrx_word' id='word_1_134' title='bbox 575 3087 789 3142; x_wconf 85' lang='lat' dir='ltr'><strong>commentator</strong></span> <span class='ocrx_word' id='word_1_135' title='bbox 810 3083 995 3160; x_wconf 78' lang='lat' dir='ltr'><strong>(irnquianus</strong></span> <span class='ocrx_word' id='word_1_136' title='bbox 1018 3082 1056 3142; x_wconf 80' lang='lat' dir='ltr'><strong>ad</strong></span> <span class='ocrx_word' id='word_1_137' title='bbox 1074 3082 1195 3143; x_wconf 78' lang='lat' dir='ltr'><strong>Horatii</strong></span> <span class='ocrx_word' id='word_1_138' title='bbox 1216 3100 1277 3143; x_wconf 85' lang='lat' dir='ltr'><strong>ser·</strong></span> 
     </span>
     <span class='ocr_line' id='line_1_22' title="bbox 71 3174 1276 3255; baseline 0.002 -20"><span class='ocrx_word' id='word_1_139' title='bbox 71 3195 182 3236; x_wconf 87' lang='lat' dir='ltr'><strong>monum</strong></span> <span class='ocrx_word' id='word_1_140' title='bbox 203 3197 223 3252; x_wconf 92' lang='lat'><strong>1,</strong></span> <span class='ocrx_word' id='word_1_141' title='bbox 238 3179 265 3251; x_wconf 86' lang='lat'><strong>3,</strong></span> <span class='ocrx_word' id='word_1_142' title='bbox 280 3179 318 3236; x_wconf 78' lang='lat'><strong>56</strong></span> <span class='ocrx_word' id='word_1_143' title='bbox 340 3174 523 3235; x_wconf 78' lang='lat' dir='ltr'><strong>“incrustari</strong></span> <span class='ocrx_word' id='word_1_144' title='bbox 544 3183 641 3236; x_wconf 81' lang='lat' dir='ltr'><strong>nutem</strong></span> <span class='ocrx_word' id='word_1_145' title='bbox 662 3195 716 3237; x_wconf 81' lang='lat' dir='ltr'><strong>vas</strong></span> <span class='ocrx_word' id='word_1_146' title='bbox 738 3176 856 3252; x_wconf 87' lang='lat' dir='ltr'><strong>dicitur,</strong></span> <span class='ocrx_word' id='word_1_147' title='bbox 878 3195 944 3236; x_wconf 87' lang='lat' dir='ltr'><strong>euru</strong></span> <span class='ocrx_word' id='word_1_148' title='bbox 966 3178 1067 3255; x_wconf 80' lang='lat' dir='ltr'><strong>aliquo</strong></span> <span class='ocrx_word' id='word_1_149' title='bbox 1082 3177 1189 3237; x_wconf 86' lang='lat' dir='ltr'><strong>vitioso</strong></span> <span class='ocrx_word' id='word_1_150' title='bbox 1205 3195 1276 3237; x_wconf 89' lang='lat' dir='ltr'><strong>suco</strong></span> 
     </span>
     <span class='ocr_line' id='line_1_23' title="bbox 70 3270 1276 3348; baseline 0 -18"><span class='ocrx_word' id='word_1_151' title='bbox 70 3272 187 3331; x_wconf 86' lang='lat' dir='ltr'><strong>illinitur</strong></span> <span class='ocrx_word' id='word_1_152' title='bbox 206 3279 299 3348; x_wconf 86' lang='lat' dir='ltr'><strong>atque</strong></span> <span class='ocrx_word' id='word_1_153' title='bbox 321 3271 500 3348; x_wconf 82' lang='lat' dir='ltr'><strong>inquinetur.</strong></span> <span class='ocrx_word' id='word_1_154' title='bbox 530 3270 690 3330; x_wconf 91' lang='lat' dir='ltr'><strong>secundum</strong></span> <span class='ocrx_word' id='word_1_155' title='bbox 712 3271 793 3347; x_wconf 93' lang='lat' dir='ltr'><strong>quod</strong></span> <span class='ocrx_word' id='word_1_156' title='bbox 813 3278 843 3332; x_wconf 91' lang='lat' dir='ltr'><strong>et</strong></span> <span class='ocrx_word' id='word_1_157' title='bbox 864 3272 999 3330; x_wconf 86' lang='lat' dir='ltr'><strong>Lucilius</strong></span> <span class='ocrx_word' id='word_1_158' title='bbox 1021 3273 1111 3347; x_wconf 79' lang='lat' dir='ltr'><strong>(insta</strong></span> <span class='ocrx_word' id='word_1_159' title='bbox 1126 3273 1200 3330; x_wconf 63' lang='lat' dir='ltr'><strong>‘illud</strong></span> <span class='ocrx_word' id='word_1_160' title='bbox 1217 3272 1276 3330; x_wconf 80' lang='lat' dir='ltr'><strong>Lo·</strong></span> 
     </span>
     <span class='ocr_line' id='line_1_24' title="bbox 71 3357 1332 3444; baseline -0.001 -19"><span class='ocrx_word' id='word_1_161' title='bbox 71 3369 126 3425; x_wconf 73' lang='lat' dir='ltr'><strong>cilio·</strong></span> <span class='ocrx_word' id='word_1_162' title='bbox 150 3365 255 3444; x_wconf 82' lang='lat' dir='ltr'><strong>Oruq.)</strong></span> <span class='ocrx_word' id='word_1_163' title='bbox 283 3367 313 3423; x_wconf 94' lang='lat' dir='ltr'><strong>in</strong></span> <span class='ocrx_word' id='word_1_164' title='bbox 338 3384 414 3422; x_wconf 89' lang='lat' dir='ltr'><strong>xvnr</strong></span> <span class='ocrx_word' id='word_1_165' title='bbox 446 3373 610 3442; x_wconf 81' lang='lat' dir='ltr'><strong>satyrorum</strong></span> <span class='ocrx_word' id='word_1_166' title='bbox 638 3365 685 3442; x_wconf 78' lang='lat' dir='ltr'><strong>(io</strong></span> <span class='ocrx_word' id='word_1_167' title='bbox 710 3367 816 3424; x_wconf 77' lang='lat' dir='ltr'><strong>decima</strong></span> <span class='ocrx_word' id='word_1_168' title='bbox 842 3377 942 3426; x_wconf 82' lang='lat' dir='ltr'><strong>octava</strong></span> <span class='ocrx_word' id='word_1_169' title='bbox 966 3377 1063 3443; x_wconf 71' lang='lat' dir='ltr'><strong>surpra</strong></span> <span class='ocrx_word' id='word_1_170' title='bbox 1089 3370 1131 3424; x_wconf 77' lang='lat' dir='ltr'><strong>ott</strong></span> <span class='ocrx_word' id='word_1_171' title='bbox 1154 3366 1276 3444; x_wconf 89' lang='lat' dir='ltr'><strong>Porph.,</strong></span> <span class='ocrx_word' id='word_1_172' title='bbox 1328 3357 1332 3366; x_wconf 47' lang='lat'><strong>²</strong></span> 
     </span>
     <span class='ocr_line' id='line_1_25' title="bbox 71 3457 1275 3538; baseline -0.002 -19"><span class='ocrx_word' id='word_1_173' title='bbox 71 3471 151 3538; x_wconf 75' lang='lat' dir='ltr'><strong>satyr.</strong></span> <span class='ocrx_word' id='word_1_174' title='bbox 167 3463 204 3520; x_wconf 87' lang='grc'><strong>18</strong></span> <span class='ocrx_word' id='word_1_175' title='bbox 226 3459 333 3536; x_wconf 87' lang='lat' dir='ltr'><strong>Cruq.)</strong></span> <span class='ocrx_word' id='word_1_176' title='bbox 355 3457 430 3516; x_wconf 82' lang='lat' dir='ltr'><strong>‘nem</strong></span> <span class='ocrx_word' id='word_1_177' title='bbox 450 3462 495 3518; x_wconf 84' lang='lat' dir='ltr'><strong>oet</strong></span> <span class='ocrx_word' id='word_1_178' title='bbox 519 3459 584 3534; x_wconf 81' lang='lat' dir='ltr'><strong>(mel</strong></span> <span class='ocrx_word' id='word_1_179' title='bbox 603 3459 706 3536; x_wconf 79' lang='lat' dir='ltr'><strong>Gruq.)</strong></span> <span class='ocrx_word' id='word_1_180' title='bbox 733 3459 906 3536; x_wconf 89' lang='lat' dir='ltr'><strong>regionibus</strong></span> <span class='ocrx_word' id='word_1_181' title='bbox 932 3460 991 3520; x_wconf 86' lang='lat' dir='ltr'><strong>illis</strong></span> <span class='ocrx_word' id='word_1_182' title='bbox 1017 3461 1197 3520; x_wconf 75' lang='lat' dir='ltr'><strong>incrustatur</strong></span> <span class='ocrx_word' id='word_1_183' title='bbox 1224 3459 1275 3534; x_wconf 80' lang='lat' dir='ltr'><strong>(tn-</strong></span> 
     </span>
     <span class='ocr_line' id='line_1_26' title="bbox 74 3551 1277 3632; baseline -0.002 -18"><span class='ocrx_word' id='word_1_184' title='bbox 74 3565 205 3614; x_wconf 83' lang='lat' dir='ltr'><strong>ercstatur</strong></span> <span class='ocrx_word' id='word_1_185' title='bbox 231 3560 314 3614; x_wconf 82' lang='lat' dir='ltr'><strong>Acro</strong></span> <span class='ocrx_word' id='word_1_186' title='bbox 342 3553 449 3614; x_wconf 87' lang='lat' dir='ltr'><strong>ceteris</strong></span> <span class='ocrx_word' id='word_1_187' title='bbox 476 3553 608 3629; x_wconf 85' lang='lat' dir='ltr'><strong>omissis)</strong></span> <span class='ocrx_word' id='word_1_188' title='bbox 635 3555 712 3614; x_wconf 85' lang='lat' dir='ltr'><strong>calix</strong></span> <span class='ocrx_word' id='word_1_189' title='bbox 738 3558 817 3614; x_wconf 82' lang='lat' dir='ltr'><strong>rucio</strong></span> <span class='ocrx_word' id='word_1_190' title='bbox 843 3553 898 3632; x_wconf 84' lang='lat' dir='ltr'><strong>(sic</strong></span> <span class='ocrx_word' id='word_1_191' title='bbox 926 3554 1031 3632; x_wconf 80' lang='lat' dir='ltr'><strong>Oruq.‚</strong></span> <span class='ocrx_word' id='word_1_192' title='bbox 1059 3564 1129 3612; x_wconf 82' lang='lat' dir='ltr'><strong>rutc&#39;</strong></span> <span class='ocrx_word' id='word_1_193' title='bbox 1150 3551 1277 3631; x_wconf 87' lang='lat' dir='ltr'><strong>Porph.)</strong></span> 
     </span>
     <span class='ocr_line' id='line_1_27' title="bbox 74 3647 702 3726; baseline -0.003 -18"><span class='ocrx_word' id='word_1_194' title='bbox 74 3651 160 3708; x_wconf 87' lang='lat' dir='ltr'><strong>caulis</strong></span> <span class='ocrx_word' id='word_1_195' title='bbox 181 3650 308 3709; x_wconf 85' lang='lat' dir='ltr'><strong>habetur</strong></span> <span class='ocrx_word' id='word_1_196' title='bbox 327 3647 414 3723; x_wconf 82' lang='lat' dir='ltr'><strong>(hacc</strong></span> <span class='ocrx_word' id='word_1_197' title='bbox 436 3649 516 3708; x_wconf 89' lang='lat' dir='ltr'><strong>solus</strong></span> <span class='ocrx_word' id='word_1_198' title='bbox 538 3647 702 3726; x_wconf 81' lang='lat' dir='ltr'><strong>Porph.)’.&#39;&#39;</strong></span> 
     </span>
    </p>

    <p class='ocr_par' dir='ltr' id='par_1_15' title="bbox 76 3741 1278 3916">
     <span class='ocr_line' id='line_1_28' title="bbox 145 3741 1278 3819; baseline -0.004 -15"><span class='ocrx_word' id='word_1_199' title='bbox 145 3747 209 3806; x_wconf 84' lang='grc'><strong>490.</strong></span> <span class='ocrx_word' id='word_1_200' title='bbox 251 3744 282 3803; x_wconf 91' lang='lat' dir='ltr'>N</span> <span class='ocrx_word' id='word_1_201' title='bbox 285 3743 367 3801; x_wconf 88' lang='lat' dir='ltr'><strong>onius</strong></span> <span class='ocrx_word' id='word_1_202' title='bbox 383 3760 411 3819; x_wconf 90' lang='lat' dir='ltr'><strong>p.</strong></span> <span class='ocrx_word' id='word_1_203' title='bbox 422 3744 489 3818; x_wconf 81' lang='lat'><strong>445,</strong></span> <span class='ocrx_word' id='word_1_204' title='bbox 500 3746 536 3802; x_wconf 86' lang='lat'><strong>31</strong></span> <span class='ocrx_word' id='word_1_205' title='bbox 554 3742 702 3803; x_wconf 87' lang='lat' dir='ltr'><strong>“Multum</strong></span> <span class='ocrx_word' id='word_1_206' title='bbox 716 3751 746 3804; x_wconf 87' lang='lat' dir='ltr'><strong>et</strong></span> <span class='ocrx_word' id='word_1_207' title='bbox 760 3745 832 3804; x_wconf 82' lang='lat' dir='ltr'><strong>satis</strong></span> <span class='ocrx_word' id='word_1_208' title='bbox 847 3761 882 3802; x_wconf 87' lang='lat' dir='ltr'><strong>eo</strong></span> <span class='ocrx_word' id='word_1_209' title='bbox 897 3743 1010 3802; x_wconf 83' lang='lat' dir='ltr'><strong>distent</strong></span> <span class='ocrx_word' id='word_1_210' title='bbox 1026 3787 1071 3802; x_wconf 93' lang='lat'><strong>...</strong></span> <span class='ocrx_word' id='word_1_211' title='bbox 1088 3747 1118 3802; x_wconf 90' lang='lat' dir='ltr'><strong>et</strong></span> <span class='ocrx_word' id='word_1_212' title='bbox 1131 3741 1181 3801; x_wconf 89' lang='lat' dir='ltr'><strong>lib.</strong></span> <span class='ocrx_word' id='word_1_213' title='bbox 1191 3759 1278 3800; x_wconf 89' lang='lat' dir='ltr'><strong>xvrnr</strong></span> 
     </span>
     <span class='ocr_line' id='line_1_29' title="bbox 76 3835 1278 3916; baseline -0.004 -17"><span class='ocrx_word' id='word_1_214' title='bbox 76 3841 128 3916; x_wconf 76' lang='lat' dir='ltr'><strong>(sie</strong></span> <span class='ocrx_word' id='word_1_215' title='bbox 142 3841 351 3899; x_wconf 77' lang='lat' dir='ltr'><strong>Basileensesz·</strong></span> <span class='ocrx_word' id='word_1_216' title='bbox 371 3847 454 3888; x_wconf 72' lang='lat' dir='ltr'><strong><em>XVII!</em></strong></span> <span class='ocrx_word' id='word_1_217' title='bbox 470 3839 572 3898; x_wconf 84' lang='lat' dir='ltr'><strong>Iunius</strong></span> <span class='ocrx_word' id='word_1_218' title='bbox 588 3845 618 3897; x_wconf 91' lang='lat' dir='ltr'><strong>et</strong></span> <span class='ocrx_word' id='word_1_219' title='bbox 633 3838 797 3916; x_wconf 81' lang='lat' dir='ltr'><strong>Mercerus)</strong></span> <span class='ocrx_word' id='word_1_220' title='bbox 819 3838 956 3915; x_wconf 91' lang='lat' dir='ltr'><strong>‘denique</strong></span> <span class='ocrx_word' id='word_1_221' title='bbox 970 3835 1278 3898; x_wconf 78' lang='lat' dir='ltr'><strong>ot...citit...sint&#39;.”</strong></span> 
     </span>
    </p>

    <p class='ocr_par' dir='ltr' id='par_1_16' title="bbox 77 3930 1302 4292">
     <span class='ocr_line' id='line_1_30' title="bbox 146 3930 1302 4011; baseline -0.006 -18"><span class='ocrx_word' id='word_1_222' title='bbox 146 3938 209 3995; x_wconf 86' lang='grc'><strong>491.</strong></span> <span class='ocrx_word' id='word_1_223' title='bbox 250 3932 368 4008; x_wconf 85' lang='lat' dir='ltr'><strong>Nonius</strong></span> <span class='ocrx_word' id='word_1_224' title='bbox 390 3950 419 4008; x_wconf 92' lang='lat' dir='ltr'><strong>p.</strong></span> <span class='ocrx_word' id='word_1_225' title='bbox 436 3934 514 4006; x_wconf 61' lang='lat'><strong>123</strong></span> <span class='ocrx_word' id='word_1_226' title='bbox 535 3931 686 3993; x_wconf 79' lang='lat' dir='ltr'><strong>“Possum</strong></span> <span class='ocrx_word' id='word_1_227' title='bbox 707 3941 752 3992; x_wconf 89' lang='lat' dir='ltr'><strong>est</strong></span> <span class='ocrx_word' id='word_1_228' title='bbox 772 3934 891 4011; x_wconf 86' lang='lat' dir='ltr'><strong>proprie</strong></span> <span class='ocrx_word' id='word_1_229' title='bbox 917 3949 1059 4008; x_wconf 90' lang='lat' dir='ltr'><strong>rugosum</strong></span> <span class='ocrx_word' id='word_1_230' title='bbox 1085 3931 1131 3989; x_wconf 86' lang='lat' dir='ltr'><strong>vel</strong></span> <span class='ocrx_word' id='word_1_231' title='bbox 1158 3930 1276 3989; x_wconf 89' lang='lat' dir='ltr'><strong>siccum.</strong></span> <span class='ocrx_word' id='word_1_232' title='bbox 1299 3939 1302 3944; x_wconf 86' lang='grc'><strong><em>·</em></strong></span> 
     </span>
     <span class='ocr_line' id='line_1_31' title="bbox 79 4024 1278 4103; baseline -0.003 -17"><span class='ocrx_word' id='word_1_233' title='bbox 79 4029 193 4089; x_wconf 83' lang='lat' dir='ltr'><strong>Plautus</strong></span> <span class='ocrx_word' id='word_1_234' title='bbox 219 4027 326 4088; x_wconf 83' lang='lat' dir='ltr'><strong>Sticho</strong></span> <span class='ocrx_word' id='word_1_235' title='bbox 342 4025 477 4085; x_wconf 86' lang='lat' dir='ltr'><strong>...‘velo</strong></span> <span class='ocrx_word' id='word_1_236' title='bbox 502 4027 613 4103; x_wconf 74' lang='lat' dir='ltr'><strong>passo,</strong></span> <span class='ocrx_word' id='word_1_237' title='bbox 639 4026 742 4086; x_wconf 90' lang='lat' dir='ltr'><strong>idest</strong></span> <span class='ocrx_word' id='word_1_238' title='bbox 767 4028 837 4087; x_wconf 80' lang='lat' dir='ltr'><strong>laxo</strong></span> <span class='ocrx_word' id='word_1_239' title='bbox 862 4035 892 4087; x_wconf 92' lang='lat' dir='ltr'><strong>et</strong></span> <span class='ocrx_word' id='word_1_240' title='bbox 918 4043 1037 4102; x_wconf 86' lang='lat' dir='ltr'><strong>rugoso.</strong></span> <span class='ocrx_word' id='word_1_241' title='bbox 1068 4024 1146 4082; x_wconf 91' lang='lat' dir='ltr'><strong>unde</strong></span> <span class='ocrx_word' id='word_1_242' title='bbox 1170 4030 1200 4082; x_wconf 87' lang='lat' dir='ltr'><strong>et</strong></span> <span class='ocrx_word' id='word_1_243' title='bbox 1219 4041 1278 4082; x_wconf 83' lang='lat' dir='ltr'><strong>uve</strong></span> 
     </span>
     <span class='ocr_line' id='line_1_32' title="bbox 77 4118 1277 4199; baseline -0.004 -18"><span class='ocrx_word' id='word_1_244' title='bbox 77 4141 163 4199; x_wconf 79' lang='lat' dir='ltr'><strong>passu</strong></span> <span class='ocrx_word' id='word_1_245' title='bbox 182 4123 264 4183; x_wconf 85' lang='lat' dir='ltr'><strong>dicta</strong></span> <span class='ocrx_word' id='word_1_246' title='bbox 284 4124 340 4194; x_wconf 85' lang='lat' dir='ltr'><strong>est,</strong></span> <span class='ocrx_word' id='word_1_247' title='bbox 362 4118 443 4196; x_wconf 89' lang='lat' dir='ltr'><strong>quod</strong></span> <span class='ocrx_word' id='word_1_248' title='bbox 464 4119 503 4180; x_wconf 89' lang='lat' dir='ltr'><strong>sit</strong></span> <span class='ocrx_word' id='word_1_249' title='bbox 522 4123 605 4197; x_wconf 89' lang='lat' dir='ltr'><strong>rugis</strong></span> <span class='ocrx_word' id='word_1_250' title='bbox 625 4122 785 4198; x_wconf 80' lang='lat' dir='ltr'><strong>implicata.</strong></span> <span class='ocrx_word' id='word_1_251' title='bbox 822 4123 949 4182; x_wconf 82' lang='lat' dir='ltr'><strong>Plautus</strong></span> <span class='ocrx_word' id='word_1_252' title='bbox 965 4119 1088 4195; x_wconf 85' lang='lat' dir='ltr'><strong>...‘pro</strong></span> <span class='ocrx_word' id='word_1_253' title='bbox 1108 4134 1166 4175; x_wconf 83' lang='lat' dir='ltr'><strong>uve</strong></span> <span class='ocrx_word' id='word_1_254' title='bbox 1185 4133 1277 4192; x_wconf 80' lang='lat' dir='ltr'><strong>pessa</strong></span> 
     </span>
     <span class='ocr_line' id='line_1_33' title="bbox 77 4210 1274 4292; baseline -0.004 -17"><span class='ocrx_word' id='word_1_255' title='bbox 77 4218 192 4292; x_wconf 90' lang='lat' dir='ltr'><strong>pensili’.</strong></span> <span class='ocrx_word' id='word_1_256' title='bbox 229 4213 363 4275; x_wconf 88' lang='lat' dir='ltr'><strong>Lucilius</strong></span> <span class='ocrx_word' id='word_1_257' title='bbox 385 4216 475 4291; x_wconf 81' lang='lat' dir='ltr'><strong>satyr.</strong></span> <span class='ocrx_word' id='word_1_258' title='bbox 495 4215 546 4276; x_wconf 91' lang='lat' dir='ltr'><strong>lib.</strong></span> <span class='ocrx_word' id='word_1_259' title='bbox 561 4233 648 4274; x_wconf 89' lang='lat' dir='ltr'><strong>xvuu</strong></span> <span class='ocrx_word' id='word_1_260' title='bbox 668 4214 789 4291; x_wconf 90' lang='lat' dir='ltr'><strong>(Iunius</strong></span> <span class='ocrx_word' id='word_1_261' title='bbox 810 4215 891 4292; x_wconf 68' lang='grc'><strong>1414)</strong></span> <span class='ocrx_word' id='word_1_262' title='bbox 913 4213 1024 4291; x_wconf 83' lang='lat' dir='ltr'><strong>‘rugosi</strong></span> <span class='ocrx_word' id='word_1_263' title='bbox 1039 4210 1274 4287; x_wconf 84' lang='lat' dir='ltr'><strong>...quaerunt&#39;.”</strong></span> 
     </span>
    </p>
   </div>
   <div class='ocr_carea' id='block_1_13' title="bbox 78 4323 267 4336">
    <p class='ocr_par' dir='ltr' id='par_1_17' title="bbox 78 4323 267 4336">
     <span class='ocr_line' id='line_1_34' title="bbox 78 4323 267 4336; baseline 0 -5"><span class='ocrx_word' id='word_1_264' title='bbox 78 4323 267 4336; x_wconf 46' lang='lat' dir='ltr'><strong>——ss-</strong></span> 
     </span>
    </p>
   </div>
   <div class='ocr_carea' id='block_1_14' title="bbox 147 4361 724 4516">
    <p class='ocr_par' dir='ltr' id='par_1_18' title="bbox 147 4361 724 4516">
     <span class='ocr_line' id='line_1_35' title="bbox 147 4361 724 4436; baseline -0.003 -14"><span class='ocrx_word' id='word_1_265' title='bbox 147 4363 209 4422; x_wconf 86' lang='grc'><strong>485.</strong></span> <span class='ocrx_word' id='word_1_266' title='bbox 250 4361 355 4420; x_wconf 90' lang='lat' dir='ltr'><strong>Iunius</strong></span> <span class='ocrx_word' id='word_1_267' title='bbox 375 4365 465 4420; x_wconf 82' lang='lat' dir='ltr'><strong>iactat</strong></span> <span class='ocrx_word' id='word_1_268' title='bbox 484 4361 558 4436; x_wconf 81' lang='lat' dir='ltr'><strong>quod</strong></span> <span class='ocrx_word' id='word_1_269' title='bbox 577 4362 724 4420; x_wconf 77' lang='lat' dir='ltr'><strong>adsederit.</strong></span> 
     </span>
     <span class='ocr_line' id='line_1_36' title="bbox 148 4437 724 4516; baseline 0.002 -18"><span class='ocrx_word' id='word_1_270' title='bbox 148 4441 211 4500; x_wconf 86' lang='grc'><strong>491.</strong></span> <span class='ocrx_word' id='word_1_271' title='bbox 252 4437 350 4500; x_wconf 81' lang='lat' dir='ltr'><strong>Stulte</strong></span> <span class='ocrx_word' id='word_1_272' title='bbox 369 4437 579 4516; x_wconf 82' lang='lat' dir='ltr'><strong>interpretatur</strong></span> <span class='ocrx_word' id='word_1_273' title='bbox 598 4437 724 4499; x_wconf 89' lang='lat' dir='ltr'><strong>Nonius.</strong></span> 
     </span>
    </p>
   </div>
   <div class='ocr_carea' id='block_1_15' title="bbox 0 0 1623 5180">
    <p class='ocr_par' dir='ltr' id='par_1_19' title="bbox 0 0 1623 5180">
     <span class='ocr_line' id='line_1_37' title="bbox 0 0 1623 5180; baseline 0 0"><span class='ocrx_word' id='word_1_274' title='bbox 0 0 1623 5180; x_wconf 95' lang='lat' dir='ltr'><strong> </strong></span> 
     </span>
    </p>
   </div>
  </div>
 </body>
</html>
