3202 5180
235 1797 564 1882 PRAEFATIO
594 1798 832 1886 IOANNIS
863 1801 1128 1888 VAHLENI

160 2190 320 2301 Carolum
341 2230 581 2296 Laohnrannum
604 2235 712 2294 notum
735 2236 784 2295 est
806 2231 957 2298 extremis
979 2232 1066 2298 vitae
1088 2233 1192 2317 annis,
1220 2239 1286 2299 tum

76 2409 144 2453 cum
173 2391 258 2451 totus
280 2390 350 2450 erat
378 2385 412 2449 in
442 2383 639 2450 restituendo
661 2385 824 2469 Lucretio,
853 2385 949 2451 simul
970 2385 1085 2451 Lucilii
1107 2391 1286 2452 saturarum

75 2561 186 2606 versus
216 2538 403 2624 superstites
432 2536 601 2631 emendate
630 2538 766 2623 scriptos
789 2538 886 2605 edere
909 2540 1130 2608 constituisse:
1165 2539 1286 2624 quain

75 2715 108 2759 re
130 2699 284 2777 quantum
306 2693 366 2758 hoo
388 2692 466 2758 felix
490 2711 622 2757 acumen
645 2689 849 2777 profecisset,
877 2712 948 2758 oum
970 2693 1198 2779 speciminibus
1219 2691 1285 2775 qui-

76 2847 209 2912 busdam
235 2866 293 2931 per
321 2805 557 2931 prooemiorum
589 2844 847 2910 academicorum
874 2846 1075 2912 occasionem
1103 2844 1198 2910 editis
1220 2850 1286 2910 tum

75 3001 176 3084 magis
200 3001 271 3085 ipso
294 3001 349 3064 illo
377 2995 605 3065 commentario
628 2998 662 3062 in
685 2997 869 3063 Lucretium
891 2998 1066 3083 composito
1088 2998 1285 3084 patefactum

15 3155 18 3162 '
75 3159 150 3217 erat.
206 3155 320 3236 Itaque
359 3171 430 3216 cum
468 3171 554 3218 anno
587 3167 724 3214 nncccm
763 3153 935 3217 immatura
973 3170 1059 3216 mors
1098 3151 1202 3218 virum
1239 3151 1285 3216 in-

75 3306 325 3392 comparabilem
347 3304 398 3372 his
421 3306 536 3372 studiis
560 3325 599 3371 ac
619 3305 734 3372 litteris
755 3305 873 3372 nostris
895 3305 1068 3391 eripuisset
1087 3324 1162 3370 mox
1177 3324 1286 3370 rumor

73 3459 269 3544 percrebuit,
299 3460 537 3536 Luciliauarum
564 3459 770 3543 reliquiarum
793 3455 956 3546 συλλογὴν
979 3478 1082 3543 paene
1105 3458 1285 3525 absolutam

73 3612 105 3674 in
127 3612 256 3677 scriniis
280 3613 347 3679 eius
369 3612 536 3678 inventam
555 3631 690 3695 eamque
713 3631 734 3677 a
756 3613 910 3678 Mauricio
931 3612 1081 3697 Hauptio,
1105 3630 1168 3695 quo
1191 3623 1285 3677 nemo

72 3766 206 3851 propius
239 3765 282 3830 ad
307 3764 506 3832 Lachmanni
539 3755 705 3849 ingenium
739 3785 778 3830 ac
810 3765 1063 3831 familiaritatem
1095 3771 1284 3850 accesserat,

72 3919 262 4004 propediem
296 3918 416 3983 editum
449 3918 502 3982 iri:
549 3917 644 4002 eique
677 3918 796 3983 rumori
824 3918 982 3983 Martinus
1001 3917 1157 3985 'Hertcius
1189 3919 1285 3986 fidem

72 4072 244 4137 addiderat
280 4073 314 4138 in
349 4073 416 4138 vita
456 4070 655 4137 Lachmanni
687 4093 719 4156 p.
743 4072 804 4140 149
826 4091 852 4148 s.
874 4027 906 4138 et
933 4093 1024 4135 xxvn
1044 4092 1075 4137 n.
1131 4071 1196 4139 Sed
1232 4089 1285 4137 ex·

71 4223 246 4310 peotationi
278 4222 443 4289 doctorum
469 4224 566 4291 valde
596 4229 735 4308 erectae,
770 4225 891 4310 quippe
917 4224 1032 4308 quibus
1059 4223 1139 4290 nihil
1161 4225 1285 4309 gratius

70 4375 276 4462 acceptiusve
294 4375 441 4442 accidere
455 4377 614 4463 potuisset
629 4395 726 4461 quam
741 4375 802 4444 hoc
817 4382 957 4444 extremo
974 4376 1172 4452 Lachmanni
1188 4395 1285 4464 opere
