3202 5180
663 371 715 423 XV

190 539 416 606 naumachiam
437 538 514 606 licet
533 537 623 624 haec,
646 539 789 624 inquam,
812 539 1037 625 alveolumquc
1058 545 1184 626 putare.

188 643 304 709 calceis
326 643 468 710 delectes
490 647 537 726 te,
561 641 628 707 hilo
650 661 714 708 non
736 643 846 710 reetiu’
870 643 974 708 vivas.

189 817 267 865 num
289 805 382 866 vetus
403 799 461 864 ille
483 797 604 864 Catoni’
627 798 799 882 lacessisse
818 799 943 884 Apulus
966 799 1047 863 iram
1145 819 1148 829 ·

188 903 325 967 cousciu'
349 921 414 967 non
436 908 506 967 erat
527 900 597 984 ipse
619 899 703 966 sibi?

94 1062 163 1122 4⁰9⁰
192 1057 222 1122 si
244 1056 322 1121 mihi
344 1076 409 1122 non
431 1061 562 1141 praetor
583 1055 644 1122 siet
666 1055 796 1122 additus
818 1064 913 1142 atque
935 1061 1036 1142 agitet
1057 1080 1122 1127 me:

188 1179 254 1226 non
276 1161 361 1226 male
383 1160 430 1225 sic
451 1159 506 1224 illo
528 1165 563 1223 ut
584 1159 656 1224 dico
679 1180 730 1225 me
751 1161 940 1228 extenderat
961 1183 1052 1227 uuus.

645 1365 730 1450 XV

96 1528 146 1588 tlt
185 1519 354 1587 terriculas
378 1520 518 1605 Lamias,
542 1519 633 1586 fauni
656 1540 738 1604 quas
760 1521 975 1607 Pompiliique

188 1624 355 1689 instituere
379 1623 515 1707 Numae,
538 1624 646 1688 tremit
668 1622 736 1707 has,
761 1622 812 1688 hic
833 1625 941 1690 omnia
962 1627 1062 1709 ponit.

187 1732 224 1792 ut
245 1725 338 1811 pueri
360 1725 501 1790 infantes
524 1723 656 1790 credunt
677 1725 775 1807 signa
796 1727 905 1791 omnia
927 1733 1011 1792 atina

189 1828 299 1895 vivere
322 1831 353 1892 et
376 1846 447 1892 esse
468 1824 623 1912 homines,
646 1827 693 1894 sio
714 1827 768 1892 isti
788 1829 917 1894 somnia
939 1829 1014 1896 ficta

188 1949 269 1997 vera
290 1933 412 2014 putant,
437 1929 571 1994 eredunt
593 1931 698 2012 signis
721 1950 776 1996 cor
798 1931 906 1997 inesse
929 1933 963 1997 in
986 1933 1108 1998 ahenis.

94 2041 143 2100 415
189 2032 328 2118 pergula
349 2031 516 2116 pictorum,
539 2032 608 2099 reri
630 2032 721 2118 nihil,
746 2035 854 2100 omnia
875 2034 958 2100 ficta.

77 2204 204 2282 'puncto
225 2219 284 2263 uno
303 2221 389 2260 nous
408 2221 448 2260 ar
469 2202 520 2279 qni
540 2221 665 2264 ououoe
687 2205 844 2264 ruvnsrr'.”

156 2299 226 2358 406.
266 2297 438 2358 Priscianus
459 2315 488 2373 p.
503 2295 558 2356 682
582 2295 703 2356 “Hilum
723 2299 799 2358 enim
814 2317 869 2374 pro
882 2300 973 2358 ullum
987 2299 1179 2360 vetustissimi
1193 2303 1264 2379 prof
1280 2336 1291 2348 ·

77 2395 197 2455 rebant.
230 2392 364 2452 Lucilius
379 2392 409 2450 iu
423 2410 491 2448 xnn
511 2390 727 2452 ‘naumachiam
741 2436 764 2451 ..
778 2438 785 2452 .
797 2399 902 2469 putare
922 2413 962 2451 nr
984 2411 1098 2451 cuncus
1174 2395 1292 2456 viras’.'’

157 2489 226 2550 408.
268 2486 441 2546 Priscianus
461 2504 489 2562 p.
502 2487 559 2545 902
575 2485 732 2546 “Lacesso
745 2487 904 2546 lacessiri.
938 2488 981 2547 sic
995 2487 1134 2548 Probus.
1168 2497 1198 2550 et
1211 2491 1292 2551 vide-

77 2591 126 2645 tur
143 2582 216 2642 mihi
238 2583 340 2640 melius
363 2580 475 2640 dicere:
501 2581 690 2658 participium
713 2581 788 2639 enim
808 2583 961 2658 passivum
983 2581 1158 2643 lacessitus.
1191 2585 1294 2663 Caper

79 2684 181 2738 tamen
201 2677 311 2736 lacessi
332 2675 404 2735 dicit
424 2692 500 2751 esse,
519 2680 553 2735 ut
573 2675 692 2750 lacessi,
720 2680 749 2734 et
771 2676 884 2752 profert
904 2675 1070 2752 exemplum
1093 2677 1210 2753 Lucilii,
1235 2697 1294 2756 quo

77 2791 151 2832 usus
174 2777 221 2830 est
233 2789 311 2846 xnn,
333 2770 407 2830 ‘cam
424 2769 486 2844 (alii
505 2788 586 2840 auae,
605 2769 681 2844 oum)
696 2775 780 2827 vetus
795 2769 845 2827 illc
861 2787 940 2826 curo
952 2768 1110 2828 lacessisse
1125 2789 1294 2830 erraneum

80 2884 170 2926 ouon
185 2866 324 2925 conscius
401 2864 481 2924 sibi’.
513 2861 566 2922 sed
586 2868 687 2938 potest
706 2863 862 2922 lacessisse
883 2880 938 2938 per
958 2880 1119 2940 syncopam
1141 2881 1208 2924 esse
1226 2884 1294 2941 pro-

78 2961 174 3019 latum
194 2959 225 3018 ri
247 2959 395 3036 syllabae,
415 2965 448 3017 ut
469 2957 586 3034 cupisse
607 2957 718 3032 petisse
740 2956 862 3016 dicimus
883 2974 938 3033 pro
959 2957 1107 3033 cupivisse
1126 2961 1295 3035 petivisse.”

161 3055 254 3114 409⁸.
275 3053 444 3113 Macrobius
464 3049 581 3112 Saturn.
598 3051 673 3125 v1,4
693 3048 790 3110 “Nam
811 3050 892 3128 quod
906 3050 948 3108 ait
968 3049 1032 3110 'nec
1047 3051 1171 3112 Teucris
1192 3054 1295 3114 addita

79 3147 159 3209 Iuno
180 3165 307 3224 usquam
327 3147 430 3206 aberit'
450 3145 482 3204 id
502 3152 548 3204 est
569 3143 669 3228 adtira
688 3149 719 3202 et
739 3161 793 3220 per
813 3143 869 3203 hoc
889 3144 1009 3218 infesta,
1031 3145 1088 3206 hoc
1105 3146 1163 3206 iam
1179 3146 1295 3208 dixerat
1333 3175 1334 3180 ¹

79 3243 215 3304 Lucilius
230 3243 261 3301 in
274 3243 351 3302 libro
366 3246 472 3318 quarto
491 3237 604 3296 decimo
625 3237 670 3295 his
692 3238 827 3300 versibus
849 3237 885 3297 ‘si
904 3238 974 3298 mihi
988 3285 995 3299 .
1007 3286 1013 3300 .
1027 3287 1033 3300 .
1049 3241 1161 3301 unns'.”
1228 3239 1295 3302 Ser·

78 3339 145 3398 vius
168 3337 207 3398 ad
227 3335 380 3396 Aeneidos
401 3353 441 3406 vr,
458 3334 495 3392 90
520 3330 647 3391 ‘Addita
668 3330 767 3390 quo’:
793 3330 940 3392 “inimica
981 3342 1028 3395 est
1053 3341 1152 3396 autem
1172 3337 1295 3396 verbum

80 3432 193 3493 Lucilii
214 3438 244 3490 et
265 3426 475 3505 antiquorum.”
821 3471 828 3480 .

157 3526 226 3586 410.
268 3521 444 3584 Lactantius
471 3519 563 3580 instit.
578 3537 597 3595 1,
617 3520 664 3595 22,
685 3521 720 3579 13
744 3524 775 3578 et
793 3519 823 3578 in
850 3522 993 3599 epitomes
1019 3523 1117 3600 capite
1138 3527 1177 3582 22
1197 3523 1295 3586 “Nem

80 3620 216 3680 Lucilius
237 3611 337 3679 eorum
358 3614 520 3686 stultitiam,
543 3614 593 3691 qui
614 3614 773 3673 simulacra
793 3615 866 3675 deos
887 3619 995 3692 putant
1014 3633 1090 3694 esse,
1115 3618 1230 3680 deridet
1248 3619 1295 3680 his

81 3713 247 3774 versibus.''
278 3713 405 3789 epitome
427 3708 522 3768 “ideo
543 3707 688 3782 Lucilius,
709 3708 847 3770 deridens
865 3711 991 3787 ineptias
1006 3711 1129 3772 istorum
1146 3715 1196 3790 qui
1210 3716 1294 3774 vanis

81 3806 344 3886 superstitionibus
370 3803 517 3876 serviunt,
543 3803 598 3862 hos
625 3819 728 3861 versus
755 3804 881 3879 posuit''
927 3803 1098 3867 ‘terriculas
1177 3809 1220 3868 sic
1245 3809 1295 3868 isti

82 3921 182 3961 ouum
201 3902 273 3961 ficta
293 3945 338 3960 ...
352 3899 450 3957 inesse
469 3896 500 3954 in
521 3897 623 3957 ahenis
638 3897 744 3972 (baccis
760 3895 967 3976 Taurinensis)
980 3946 986 3960 .
998 3947 1005 3960 .
1018 3947 1024 3960 .
1037 3901 1099 3960 veri
1112 3901 1184 3960 nihil
1199 3902 1296 3962 omnia

82 3995 151 4057 ficta
167 3995 262 4074 (picta
276 3990 503 4068 Taurinensis).'
577 3989 694 4050 Nonius
708 4010 737 4068 p.
749 3993 796 4067 56,
808 3993 825 4050 6
847 3991 970 4052 “Infans
987 4012 1077 4054 anon
1091 3996 1182 4054 tando
1197 3997 1294 4056 dictus

82 4098 137 4151 est.
226 4095 317 4150 curtus
339 4088 391 4148 lib.
405 4105 492 4144 xvnrr
517 4084 561 4145 ‘ut
587 4085 671 4162 pueri
691 4085 821 4146 infantes
848 4087 960 4147 iaciunt
985 4089 1185 4150 mulierculam
1204 4089 1293 4148 hone-

83 4184 177 4246 stam'.
218 4192 249 4245 et
268 4203 309 4242 xv
329 4180 372 4243 ‘ut
391 4182 475 4260 pueri
500 4181 627 4242 infantes
653 4178 779 4241 credunt
804 4180 890 4258 sigua
917 4183 1014 4242 omnia
1040 4192 1117 4244 aena
1142 4185 1239 4244 rivere
1265 4190 1296 4242 et

83 4296 150 4340 esse
169 4276 341 4341 homiues'.'’

161 4426 228 4486 408.
250 4423 370 4486 *Ocni
394 4443 497 4486 comm.
520 4425 551 4484 in
572 4425 663 4484 Lucr.
685 4442 714 4502 p.
728 4426 794 4486 206.

1006 1307 1098 1343 lp..
