<?xml version="1.0" encoding="UTF-8"?>
<!DOCTYPE html PUBLIC "-//W3C//DTD XHTML 1.0 Transitional//EN"
    "http://www.w3.org/TR/xhtml1/DTD/xhtml1-transitional.dtd">
<html xmlns="http://www.w3.org/1999/xhtml" xml:lang="en" lang="en">
 <head>
  <title>
</title>
<meta http-equiv="Content-Type" content="text/html;charset=utf-8" />
  <meta name='ocr-system' content='tesseract 3.04.00' />
  <meta name='ocr-capabilities' content='ocr_page ocr_carea ocr_par ocr_line ocrx_word'/>
</head>
<body>
  <div class='ocr_page' id='page_1' title='image "./saturarum02lucigoog_0054.png"; bbox 0 0 3202 5180; ppageno 0'>
   <div class='ocr_carea' id='block_1_1' title="bbox 196 558 1119 818">
    <p class='ocr_par' dir='ltr' id='par_1_1' title="bbox 196 558 1119 818">
     <span class='ocr_line' id='line_1_1' title="bbox 196 558 1119 645; baseline -0.004 -19"><span class='ocrx_word' id='word_1_1' title='bbox 196 561 250 627; x_wconf 90' lang='lat' dir='ltr'>hic</span> <span class='ocrx_word' id='word_1_2' title='bbox 271 563 326 628; x_wconf 93' lang='lat' dir='ltr'>ubi</span> <span class='ocrx_word' id='word_1_3' title='bbox 350 580 546 645; x_wconf 81' lang='lat' dir='ltr'>consessum,</span> <span class='ocrx_word' id='word_1_4' title='bbox 569 559 735 644; x_wconf 89' lang='lat' dir='ltr'>pellesque</span> <span class='ocrx_word' id='word_1_5' title='bbox 756 558 847 623; x_wconf 92' lang='lat' dir='ltr'>utin</span> <span class='ocrx_word' id='word_1_6' title='bbox 869 559 982 625; x_wconf 89' lang='lat' dir='ltr'>ordine</span> <span class='ocrx_word' id='word_1_7' title='bbox 1003 564 1119 642; x_wconf 84' lang='lat' dir='ltr'>tentae,</span> 
     </span>
     <span class='ocr_line' id='line_1_2' title="bbox 436 731 842 818; baseline 0.002 -20"><span class='ocrx_word' id='word_1_8' title='bbox 436 731 492 818; x_wconf 93' lang='lat' dir='ltr'>qui</span> <span class='ocrx_word' id='word_1_9' title='bbox 515 731 548 796; x_wconf 92' lang='lat' dir='ltr'>in</span> <span class='ocrx_word' id='word_1_10' title='bbox 569 731 687 798; x_wconf 84' lang='lat' dir='ltr'><strong>latrina</strong></span> <span class='ocrx_word' id='word_1_11' title='bbox 709 732 842 816; x_wconf 81' lang='lat' dir='ltr'>languet</span> 
     </span>
    </p>
   </div>
   <div class='ocr_carea' id='block_1_2' title="bbox 192 902 1110 1092">
    <p class='ocr_par' dir='ltr' id='par_1_2' title="bbox 192 902 1110 1092">
     <span class='ocr_line' id='line_1_3' title="bbox 193 902 1110 990; baseline -0.004 -18"><span class='ocrx_word' id='word_1_12' title='bbox 193 912 371 974; x_wconf 88' lang='lat' dir='ltr'>conventus</span> <span class='ocrx_word' id='word_1_13' title='bbox 394 903 535 990; x_wconf 80' lang='lat' dir='ltr'>pulcher,</span> <span class='ocrx_word' id='word_1_14' title='bbox 557 902 692 988; x_wconf 86' lang='lat' dir='ltr'>bracae,</span> <span class='ocrx_word' id='word_1_15' title='bbox 715 922 809 988; x_wconf 81' lang='lat' dir='ltr'>saga,</span> <span class='ocrx_word' id='word_1_16' title='bbox 834 903 959 988; x_wconf 83' lang='lat' dir='ltr'>fulgere</span> <span class='ocrx_word' id='word_1_17' title='bbox 980 909 1110 986; x_wconf 82' lang='lat' dir='ltr'>torques</span> 
     </span>
     <span class='ocr_line' id='line_1_4' title="bbox 192 1008 387 1092; baseline -0.01 -18"><span class='ocrx_word' id='word_1_18' title='bbox 192 1015 244 1074; x_wconf 85' lang='lat' dir='ltr'>sat</span> <span class='ocrx_word' id='word_1_19' title='bbox 265 1008 387 1092; x_wconf 80' lang='lat' dir='ltr'>magni,</span> 
     </span>
    </p>
   </div>
   <div class='ocr_carea' id='block_1_3' title="bbox 96 1167 1113 1458">
    <p class='ocr_par' dir='ltr' id='par_1_3' title="bbox 96 1167 1113 1458">
     <span class='ocr_line' id='line_1_5' title="bbox 96 1167 1046 1254; baseline -0.005 -17"><span class='ocrx_word' id='word_1_20' title='bbox 96 1177 149 1237; x_wconf 80' lang='lat'>³55</span> <span class='ocrx_word' id='word_1_21' title='bbox 194 1168 318 1236; x_wconf 80' lang='lat' dir='ltr'>Cassiu’</span> <span class='ocrx_word' id='word_1_22' title='bbox 343 1167 446 1234; x_wconf 80' lang='lat' dir='ltr'>Gaius</span> <span class='ocrx_word' id='word_1_23' title='bbox 468 1167 521 1234; x_wconf 91' lang='lat' dir='ltr'>hic</span> <span class='ocrx_word' id='word_1_24' title='bbox 549 1167 719 1254; x_wconf 91' lang='lat' dir='ltr'>operariu’,</span> <span class='ocrx_word' id='word_1_25' title='bbox 743 1186 837 1252; x_wconf 87' lang='lat' dir='ltr'>quem</span> <span class='ocrx_word' id='word_1_26' title='bbox 860 1167 1046 1235; x_wconf 74' lang='lat' dir='ltr'>cefalonem</span> 
     </span>
     <span class='ocr_line' id='line_1_6' title="bbox 194 1269 1113 1355; baseline 0.001 -18"><span class='ocrx_word' id='word_1_27' title='bbox 194 1271 319 1337; x_wconf 85' lang='lat' dir='ltr'>dicimu’</span> <span class='ocrx_word' id='word_1_28' title='bbox 343 1277 498 1338; x_wconf 79' lang='lat' dir='ltr'>sectorem</span> <span class='ocrx_word' id='word_1_29' title='bbox 524 1269 706 1355; x_wconf 85' lang='lat' dir='ltr'>furemque,</span> <span class='ocrx_word' id='word_1_30' title='bbox 730 1270 814 1335; x_wconf 91' lang='lat' dir='ltr'>hunc</span> <span class='ocrx_word' id='word_1_31' title='bbox 835 1270 953 1335; x_wconf 81' lang='lat' dir='ltr'>Tulliu&#39;</span> <span class='ocrx_word' id='word_1_32' title='bbox 978 1269 1113 1350; x_wconf 81' lang='lat' dir='ltr'>Quintus</span> 
     </span>
     <span class='ocr_line' id='line_1_7' title="bbox 167 1372 1021 1458; baseline -0.004 -18"><span class='ocrx_word' id='word_1_33' title='bbox 167 1373 289 1440; x_wconf 88' lang='lat' dir='ltr'>·iudex</span> <span class='ocrx_word' id='word_1_34' title='bbox 311 1372 462 1440; x_wconf 85' lang='lat' dir='ltr'>heredem</span> <span class='ocrx_word' id='word_1_35' title='bbox 484 1373 578 1458; x_wconf 85' lang='lat' dir='ltr'>facit,</span> <span class='ocrx_word' id='word_1_36' title='bbox 602 1379 633 1439; x_wconf 86' lang='lat' dir='ltr'>et</span> <span class='ocrx_word' id='word_1_37' title='bbox 655 1373 799 1440; x_wconf 89' lang='lat' dir='ltr'>damnati</span> <span class='ocrx_word' id='word_1_38' title='bbox 822 1373 877 1440; x_wconf 88' lang='lat' dir='ltr'>alii</span> <span class='ocrx_word' id='word_1_39' title='bbox 901 1392 1021 1439; x_wconf 91' lang='lat' dir='ltr'>omnes.</span> 
     </span>
    </p>
   </div>
   <div class='ocr_carea' id='block_1_4' title="bbox 96 1544 1040 1837">
    <p class='ocr_par' dir='ltr' id='par_1_4' title="bbox 96 1544 1040 1837">
     <span class='ocr_line' id='line_1_8' title="bbox 193 1544 1039 1632; baseline 0 -21"><span class='ocrx_word' id='word_1_40' title='bbox 193 1545 330 1624; x_wconf 82' lang='lat' dir='ltr'>Quintus</span> <span class='ocrx_word' id='word_1_41' title='bbox 353 1544 517 1631; x_wconf 85' lang='lat' dir='ltr'>Opimius,</span> <span class='ocrx_word' id='word_1_42' title='bbox 541 1546 596 1612; x_wconf 89' lang='lat' dir='ltr'>ille</span> <span class='ocrx_word' id='word_1_43' title='bbox 617 1544 799 1629; x_wconf 79' lang='lat' dir='ltr'>Iugurthini</span> <span class='ocrx_word' id='word_1_44' title='bbox 821 1551 913 1632; x_wconf 85' lang='lat' dir='ltr'>pater</span> <span class='ocrx_word' id='word_1_45' title='bbox 934 1545 1039 1630; x_wconf 91' lang='lat' dir='ltr'>huius,</span> 
     </span>
     <span class='ocr_line' id='line_1_9' title="bbox 199 1647 1038 1733; baseline 0 -18"><span class='ocrx_word' id='word_1_46' title='bbox 199 1653 231 1715; x_wconf 89' lang='lat' dir='ltr'>et</span> <span class='ocrx_word' id='word_1_47' title='bbox 254 1647 415 1714; x_wconf 86' lang='lat' dir='ltr'>formosus</span> <span class='ocrx_word' id='word_1_48' title='bbox 437 1648 532 1713; x_wconf 94' lang='lat' dir='ltr'>homo</span> <span class='ocrx_word' id='word_1_49' title='bbox 555 1648 615 1714; x_wconf 84' lang='lat' dir='ltr'>fuit</span> <span class='ocrx_word' id='word_1_50' title='bbox 636 1654 668 1715; x_wconf 89' lang='lat' dir='ltr'>et</span> <span class='ocrx_word' id='word_1_51' title='bbox 690 1648 847 1733; x_wconf 86' lang='lat' dir='ltr'>famosus,</span> <span class='ocrx_word' id='word_1_52' title='bbox 869 1654 1038 1732; x_wconf 89' lang='lat' dir='ltr'>utrumque</span> 
     </span>
     <span class='ocr_line' id='line_1_10' title="bbox 96 1750 1040 1837; baseline -0.003 -18"><span class='ocrx_word' id='word_1_53' title='bbox 96 1759 152 1820; x_wconf 76' lang='grc'>333</span> <span class='ocrx_word' id='word_1_54' title='bbox 193 1750 297 1837; x_wconf 92' lang='lat' dir='ltr'>primo</span> <span class='ocrx_word' id='word_1_55' title='bbox 321 1751 519 1836; x_wconf 80' lang='lat' dir='ltr'>adulescens,</span> <span class='ocrx_word' id='word_1_56' title='bbox 543 1751 702 1837; x_wconf 86' lang='lat' dir='ltr'>posterius</span> <span class='ocrx_word' id='word_1_57' title='bbox 726 1750 804 1817; x_wconf 91' lang='lat' dir='ltr'>dare</span> <span class='ocrx_word' id='word_1_58' title='bbox 826 1752 934 1819; x_wconf 86' lang='lat' dir='ltr'>rectiu&#39;</span> <span class='ocrx_word' id='word_1_59' title='bbox 959 1770 1040 1817; x_wconf 88' lang='lat' dir='ltr'>sese.</span> 
     </span>
    </p>
   </div>
   <div class='ocr_carea' id='block_1_5' title="bbox 190 1911 956 2081">
    <p class='ocr_par' dir='ltr' id='par_1_5' title="bbox 190 1911 956 2081">
     <span class='ocr_line' id='line_1_11' title="bbox 193 1911 956 1996; baseline 0.001 -19"><span class='ocrx_word' id='word_1_60' title='bbox 193 1931 296 1978; x_wconf 89' lang='lat' dir='ltr'>annos</span> <span class='ocrx_word' id='word_1_61' title='bbox 318 1911 371 1977; x_wconf 92' lang='lat' dir='ltr'>hic</span> <span class='ocrx_word' id='word_1_62' title='bbox 392 1917 479 1978; x_wconf 90' lang='lat' dir='ltr'>terra</span> <span class='ocrx_word' id='word_1_63' title='bbox 500 1913 566 1978; x_wconf 92' lang='lat' dir='ltr'>iam</span> <span class='ocrx_word' id='word_1_64' title='bbox 588 1912 697 1996; x_wconf 91' lang='lat' dir='ltr'>plures</span> <span class='ocrx_word' id='word_1_65' title='bbox 720 1913 813 1978; x_wconf 92' lang='lat' dir='ltr'>miles</span> <span class='ocrx_word' id='word_1_66' title='bbox 835 1912 956 1979; x_wconf 88' lang='lat' dir='ltr'>Hibera</span> 
     </span>
     <span class='ocr_line' id='line_1_12' title="bbox 190 2014 489 2081; baseline 0.003 -2"><span class='ocrx_word' id='word_1_67' title='bbox 190 2014 357 2081; x_wconf 90' lang='lat' dir='ltr'>nobiscum</span> <span class='ocrx_word' id='word_1_68' title='bbox 379 2020 489 2080; x_wconf 91' lang='lat' dir='ltr'>meret.</span> 
     </span>
    </p>
   </div>
   <div class='ocr_carea' id='block_1_6' title="bbox 198 2177 1185 2264">
    <p class='ocr_par' dir='ltr' id='par_1_6' title="bbox 198 2177 1185 2264">
     <span class='ocr_line' id='line_1_13' title="bbox 198 2177 1185 2264; baseline 0.003 -23"><span class='ocrx_word' id='word_1_69' title='bbox 198 2181 329 2262; x_wconf 90' lang='lat' dir='ltr'>praetor</span> <span class='ocrx_word' id='word_1_70' title='bbox 351 2183 460 2242; x_wconf 88' lang='lat' dir='ltr'>noster</span> <span class='ocrx_word' id='word_1_71' title='bbox 482 2177 596 2262; x_wconf 89' lang='lat' dir='ltr'>adhuc,</span> <span class='ocrx_word' id='word_1_72' title='bbox 620 2198 716 2262; x_wconf 89' lang='lat' dir='ltr'>quam</span> <span class='ocrx_word' id='word_1_73' title='bbox 738 2198 872 2264; x_wconf 91' lang='lat' dir='ltr'>spurcos</span> <span class='ocrx_word' id='word_1_74' title='bbox 895 2195 950 2242; x_wconf 91' lang='lat' dir='ltr'>ore</span> <span class='ocrx_word' id='word_1_75' title='bbox 972 2179 1058 2261; x_wconf 92' lang='lat' dir='ltr'>quod</span> <span class='ocrx_word' id='word_1_76' title='bbox 1081 2179 1185 2244; x_wconf 90' lang='lat' dir='ltr'>omnis</span> 
     </span>
    </p>
   </div>
   <div class='ocr_carea' id='block_1_7' title="bbox 71 2363 1300 3652">
    <p class='ocr_par' dir='ltr' id='par_1_7' title="bbox 74 2363 1299 2522">
     <span class='ocr_line' id='line_1_14' title="bbox 155 2363 1299 2444; baseline -0.001 -19"><span class='ocrx_word' id='word_1_77' title='bbox 155 2368 225 2425; x_wconf 83' lang='lat'>351.</span> <span class='ocrx_word' id='word_1_78' title='bbox 265 2363 382 2425; x_wconf 89' lang='lat' dir='ltr'>Nonius</span> <span class='ocrx_word' id='word_1_79' title='bbox 403 2385 433 2444; x_wconf 88' lang='lat' dir='ltr'>p.</span> <span class='ocrx_word' id='word_1_80' title='bbox 448 2368 513 2440; x_wconf 88' lang='lat'>181,</span> <span class='ocrx_word' id='word_1_81' title='bbox 528 2368 566 2426; x_wconf 85' lang='lat'>29</span> <span class='ocrx_word' id='word_1_82' title='bbox 588 2365 706 2427; x_wconf 75' lang='lat' dir='ltr'>&#39;‘&#39;I‘entn</span> <span class='ocrx_word' id='word_1_83' title='bbox 725 2367 835 2427; x_wconf 88' lang='lat' dir='ltr'>dietum</span> <span class='ocrx_word' id='word_1_84' title='bbox 856 2383 909 2443; x_wconf 90' lang='lat' dir='ltr'>pro</span> <span class='ocrx_word' id='word_1_85' title='bbox 931 2372 1064 2426; x_wconf 85' lang='lat' dir='ltr'>extensa.</span> <span class='ocrx_word' id='word_1_86' title='bbox 1151 2365 1230 2425; x_wconf 89' lang='lat' dir='ltr'>idem</span> <span class='ocrx_word' id='word_1_87' title='bbox 1248 2367 1299 2425; x_wconf 90' lang='lat' dir='ltr'>lib.</span> 
     </span>
     <span class='ocr_line' id='line_1_15' title="bbox 74 2459 894 2522; baseline 0.005 -6"><span class='ocrx_word' id='word_1_88' title='bbox 74 2479 109 2517; x_wconf 84' lang='lat' dir='ltr'>xr</span> <span class='ocrx_word' id='word_1_89' title='bbox 132 2459 195 2518; x_wconf 91' lang='lat' dir='ltr'>‘hic</span> <span class='ocrx_word' id='word_1_90' title='bbox 217 2459 268 2518; x_wconf 92' lang='lat' dir='ltr'>uhi</span> <span class='ocrx_word' id='word_1_91' title='bbox 290 2477 470 2517; x_wconf 77' lang='lat' dir='ltr'>concussum</span> <span class='ocrx_word' id='word_1_92' title='bbox 489 2460 581 2519; x_wconf 91' lang='lat' dir='ltr'>...in</span> <span class='ocrx_word' id='word_1_93' title='bbox 603 2480 737 2519; x_wconf 77' lang='lat' dir='ltr'>chenruus</span> <span class='ocrx_word' id='word_1_94' title='bbox 758 2461 894 2522; x_wconf 87' lang='lat' dir='ltr'>tentae&#39;.&#39;&#39;</span> 
     </span>
    </p>

    <p class='ocr_par' dir='ltr' id='par_1_8' title="bbox 74 2553 1300 2727">
     <span class='ocr_line' id='line_1_16' title="bbox 158 2553 1300 2633; baseline 0.001 -20"><span class='ocrx_word' id='word_1_95' title='bbox 158 2555 226 2614; x_wconf 86' lang='grc'>352.</span> <span class='ocrx_word' id='word_1_96' title='bbox 267 2553 383 2613; x_wconf 90' lang='lat' dir='ltr'>Nonius</span> <span class='ocrx_word' id='word_1_97' title='bbox 403 2572 431 2630; x_wconf 88' lang='lat' dir='ltr'>p.</span> <span class='ocrx_word' id='word_1_98' title='bbox 445 2553 511 2628; x_wconf 88' lang='grc'>212,</span> <span class='ocrx_word' id='word_1_99' title='bbox 526 2558 543 2615; x_wconf 89' lang='grc'><strong>8</strong></span> <span class='ocrx_word' id='word_1_100' title='bbox 558 2554 718 2617; x_wconf 85' lang='lat' dir='ltr'>“Latrinas</span> <span class='ocrx_word' id='word_1_101' title='bbox 733 2573 842 2633; x_wconf 85' lang='lat' dir='ltr'>genere</span> <span class='ocrx_word' id='word_1_102' title='bbox 857 2555 1017 2614; x_wconf 82' lang='lat' dir='ltr'>feminino.</span> <span class='ocrx_word' id='word_1_103' title='bbox 1049 2559 1078 2612; x_wconf 88' lang='lat' dir='ltr'>et</span> <span class='ocrx_word' id='word_1_104' title='bbox 1092 2560 1140 2615; x_wconf 90' lang='lat' dir='ltr'>est</span> <span class='ocrx_word' id='word_1_105' title='bbox 1152 2554 1300 2614; x_wconf 87' lang='lat' dir='ltr'>lavatriua</span> 
     </span>
     <span class='ocr_line' id='line_1_17' title="bbox 74 2648 1193 2727; baseline -0.001 -19"><span class='ocrx_word' id='word_1_106' title='bbox 74 2649 159 2726; x_wconf 91' lang='lat' dir='ltr'>quod</span> <span class='ocrx_word' id='word_1_107' title='bbox 184 2666 260 2708; x_wconf 92' lang='lat' dir='ltr'>nunc</span> <span class='ocrx_word' id='word_1_108' title='bbox 286 2649 424 2707; x_wconf 91' lang='lat' dir='ltr'>balneum</span> <span class='ocrx_word' id='word_1_109' title='bbox 445 2648 561 2712; x_wconf 87' lang='lat' dir='ltr'>dicitur.</span> <span class='ocrx_word' id='word_1_110' title='bbox 603 2651 739 2712; x_wconf 85' lang='lat' dir='ltr'>Lucilius</span> <span class='ocrx_word' id='word_1_111' title='bbox 760 2651 811 2712; x_wconf 91' lang='lat' dir='ltr'>lib.</span> <span class='ocrx_word' id='word_1_112' title='bbox 827 2671 859 2708; x_wconf 87' lang='lat' dir='ltr'>xr</span> <span class='ocrx_word' id='word_1_113' title='bbox 881 2650 943 2727; x_wconf 82' lang='lat' dir='ltr'>‘qui</span> <span class='ocrx_word' id='word_1_114' title='bbox 958 2695 964 2710; x_wconf 90' lang='lat'>.</span> <span class='ocrx_word' id='word_1_115' title='bbox 978 2695 1004 2709; x_wconf 91' lang='lat'>..</span> <span class='ocrx_word' id='word_1_116' title='bbox 1021 2649 1193 2710; x_wconf 78' lang='lat' dir='ltr'>r.rucuru&#39;.&#39;’</span> 
     </span>
    </p>

    <p class='ocr_par' dir='ltr' id='par_1_9' title="bbox 71 2741 1298 3104">
     <span class='ocr_line' id='line_1_18' title="bbox 155 2741 1298 2824; baseline 0.001 -23"><span class='ocrx_word' id='word_1_117' title='bbox 155 2744 223 2802; x_wconf 83' lang='lat'>353.</span> <span class='ocrx_word' id='word_1_118' title='bbox 271 2741 386 2801; x_wconf 91' lang='lat' dir='ltr'>Nonius</span> <span class='ocrx_word' id='word_1_119' title='bbox 412 2762 441 2821; x_wconf 88' lang='lat' dir='ltr'>p.</span> <span class='ocrx_word' id='word_1_120' title='bbox 456 2741 524 2817; x_wconf 77' lang='grc'>227,</span> <span class='ocrx_word' id='word_1_121' title='bbox 543 2746 580 2804; x_wconf 87' lang='grc'>33</span> <span class='ocrx_word' id='word_1_122' title='bbox 602 2744 780 2824; x_wconf 85' lang='lat' dir='ltr'>“Torquem</span> <span class='ocrx_word' id='word_1_123' title='bbox 801 2746 919 2822; x_wconf 86' lang='lat' dir='ltr'>generis</span> <span class='ocrx_word' id='word_1_124' title='bbox 941 2745 1114 2804; x_wconf 79' lang='lat' dir='ltr'>masculini.</span> <span class='ocrx_word' id='word_1_125' title='bbox 1165 2745 1298 2805; x_wconf 89' lang='lat' dir='ltr'>Lucilius</span> 
     </span>
     <span class='ocr_line' id='line_1_19' title="bbox 75 2836 1202 2917; baseline 0.001 -20"><span class='ocrx_word' id='word_1_126' title='bbox 75 2844 250 2913; x_wconf 82' lang='lat' dir='ltr'>satyrarum</span> <span class='ocrx_word' id='word_1_127' title='bbox 271 2836 322 2896; x_wconf 92' lang='lat' dir='ltr'>lib.</span> <span class='ocrx_word' id='word_1_128' title='bbox 337 2856 369 2894; x_wconf 84' lang='lat' dir='ltr'>xr</span> <span class='ocrx_word' id='word_1_129' title='bbox 390 2837 564 2899; x_wconf 87' lang='lat' dir='ltr'>‘conventus</span> <span class='ocrx_word' id='word_1_130' title='bbox 580 2885 625 2900; x_wconf 92' lang='lat'>...</span> <span class='ocrx_word' id='word_1_131' title='bbox 640 2841 734 2900; x_wconf 62' lang='lat' dir='ltr'>haam</span> <span class='ocrx_word' id='word_1_132' title='bbox 748 2887 754 2899; x_wconf 95' lang='lat'>.</span> <span class='ocrx_word' id='word_1_133' title='bbox 768 2885 774 2899; x_wconf 93' lang='lat'>.</span> <span class='ocrx_word' id='word_1_134' title='bbox 787 2887 793 2899; x_wconf 95' lang='lat'>.</span> <span class='ocrx_word' id='word_1_135' title='bbox 807 2851 930 2917; x_wconf 80' lang='lat' dir='ltr'>torquem</span> <span class='ocrx_word' id='word_1_136' title='bbox 951 2856 1041 2896; x_wconf 73' lang='lat' dir='ltr'>naurs</span> <span class='ocrx_word' id='word_1_137' title='bbox 1067 2839 1202 2915; x_wconf 81' lang='lat' dir='ltr'>magni&#39;.’&#39;</span> 
     </span>
     <span class='ocr_line' id='line_1_20' title="bbox 74 2930 1298 3011; baseline -0.002 -19"><span class='ocrx_word' id='word_1_138' title='bbox 74 2933 166 2992; x_wconf 84' lang='lat' dir='ltr'>Idem</span> <span class='ocrx_word' id='word_1_139' title='bbox 187 2949 217 3008; x_wconf 91' lang='lat' dir='ltr'>p.</span> <span class='ocrx_word' id='word_1_140' title='bbox 234 2931 300 3002; x_wconf 81' lang='lat'>506,</span> <span class='ocrx_word' id='word_1_141' title='bbox 318 2931 355 2989; x_wconf 82' lang='lat'>20</span> <span class='ocrx_word' id='word_1_142' title='bbox 377 2930 528 3007; x_wconf 77' lang='lat' dir='ltr'>“Fulgore</span> <span class='ocrx_word' id='word_1_143' title='bbox 549 2941 685 3011; x_wconf 88' lang='lat' dir='ltr'>correpte</span> <span class='ocrx_word' id='word_1_144' title='bbox 703 2933 898 2994; x_wconf 92' lang='lat' dir='ltr'>...Lucilius</span> <span class='ocrx_word' id='word_1_145' title='bbox 914 2940 1077 3010; x_wconf 81' lang='lat' dir='ltr'>satyrarum</span> <span class='ocrx_word' id='word_1_146' title='bbox 1098 2934 1148 2992; x_wconf 93' lang='lat' dir='ltr'>lib.</span> <span class='ocrx_word' id='word_1_147' title='bbox 1165 2951 1197 2989; x_wconf 87' lang='lat' dir='ltr'>xr</span> <span class='ocrx_word' id='word_1_148' title='bbox 1218 2931 1298 2990; x_wconf 89' lang='lat' dir='ltr'>‘cou-</span> 
     </span>
     <span class='ocr_line' id='line_1_21' title="bbox 71 3027 541 3104; baseline -0.002 -17"><span class='ocrx_word' id='word_1_149' title='bbox 71 3034 184 3087; x_wconf 86' lang='lat' dir='ltr'>ventus</span> <span class='ocrx_word' id='word_1_150' title='bbox 199 3071 205 3084; x_wconf 99' lang='lat'>.</span> <span class='ocrx_word' id='word_1_151' title='bbox 220 3071 245 3085; x_wconf 90' lang='lat'>..</span> <span class='ocrx_word' id='word_1_152' title='bbox 261 3032 382 3102; x_wconf 87' lang='lat' dir='ltr'>torques</span> <span class='ocrx_word' id='word_1_153' title='bbox 406 3027 541 3104; x_wconf 79' lang='lat' dir='ltr'>ruopoi’.’&#39;</span> 
     </span>
    </p>

    <p class='ocr_par' dir='ltr' id='par_1_10' title="bbox 74 3118 1298 3388">
     <span class='ocr_line' id='line_1_22' title="bbox 153 3118 1298 3196; baseline -0.003 -16"><span class='ocrx_word' id='word_1_154' title='bbox 153 3121 222 3180; x_wconf 83' lang='lat'>355.</span> <span class='ocrx_word' id='word_1_155' title='bbox 263 3118 386 3178; x_wconf 90' lang='lat' dir='ltr'>Nonius·</span> <span class='ocrx_word' id='word_1_156' title='bbox 404 3139 434 3196; x_wconf 91' lang='lat' dir='ltr'>p.</span> <span class='ocrx_word' id='word_1_157' title='bbox 453 3119 520 3196; x_wconf 78' lang='grc'>276,</span> <span class='ocrx_word' id='word_1_158' title='bbox 534 3124 571 3181; x_wconf 85' lang='grc'>23</span> <span class='ocrx_word' id='word_1_159' title='bbox 592 3121 760 3181; x_wconf 85' lang='lat' dir='ltr'>“Damnare</span> <span class='ocrx_word' id='word_1_160' title='bbox 781 3129 828 3182; x_wconf 89' lang='lat' dir='ltr'>est</span> <span class='ocrx_word' id='word_1_161' title='bbox 853 3120 1045 3182; x_wconf 78' lang='lat' dir='ltr'>exheredare.</span> <span class='ocrx_word' id='word_1_162' title='bbox 1091 3120 1224 3181; x_wconf 91' lang='lat' dir='ltr'>Lucilius</span> <span class='ocrx_word' id='word_1_163' title='bbox 1251 3136 1298 3178; x_wconf 89' lang='lat' dir='ltr'>sa·</span> 
     </span>
     <span class='ocr_line' id='line_1_23' title="bbox 74 3212 1297 3292; baseline -0.002 -18"><span class='ocrx_word' id='word_1_164' title='bbox 74 3221 211 3291; x_wconf 81' lang='lat' dir='ltr'>tyr-arum</span> <span class='ocrx_word' id='word_1_165' title='bbox 244 3213 295 3272; x_wconf 92' lang='lat' dir='ltr'>lib.</span> <span class='ocrx_word' id='word_1_166' title='bbox 314 3231 346 3270; x_wconf 87' lang='lat' dir='ltr'>xr</span> <span class='ocrx_word' id='word_1_167' title='bbox 379 3212 503 3274; x_wconf 83' lang='lat' dir='ltr'>‘cassius</span> <span class='ocrx_word' id='word_1_168' title='bbox 529 3220 616 3292; x_wconf 79' lang='lat' dir='ltr'>gaius</span> <span class='ocrx_word' id='word_1_169' title='bbox 695 3222 838 3276; x_wconf 88' lang='lat' dir='ltr'>sectorem</span> <span class='ocrx_word' id='word_1_170' title='bbox 864 3217 1007 3291; x_wconf 77' lang='lat' dir='ltr'>(sectores</span> <span class='ocrx_word' id='word_1_171' title='bbox 1031 3212 1297 3289; x_wconf 83' lang='lat' dir='ltr'>Guelferbytanus)</span> 
     </span>
     <span class='ocr_line' id='line_1_24' title="bbox 74 3306 1298 3388; baseline -0.002 -20"><span class='ocrx_word' id='word_1_172' title='bbox 74 3325 265 3368; x_wconf 73' lang='lat' dir='ltr'>remurinus</span> <span class='ocrx_word' id='word_1_173' title='bbox 285 3307 364 3367; x_wconf 92' lang='lat' dir='ltr'>hunc</span> <span class='ocrx_word' id='word_1_174' title='bbox 384 3309 484 3368; x_wconf 89' lang='lat' dir='ltr'>tullius</span> <span class='ocrx_word' id='word_1_175' title='bbox 507 3327 593 3370; x_wconf 79' lang='lat' dir='ltr'>ouum</span> <span class='ocrx_word' id='word_1_176' title='bbox 614 3328 712 3368; x_wconf 84' lang='lat' dir='ltr'>ruonx</span> <span class='ocrx_word' id='word_1_177' title='bbox 733 3313 828 3388; x_wconf 82' lang='lat' dir='ltr'>(iudea</span> <span class='ocrx_word' id='word_1_178' title='bbox 848 3311 917 3370; x_wconf 92' lang='lat' dir='ltr'>olim</span> <span class='ocrx_word' id='word_1_179' title='bbox 937 3309 1087 3387; x_wconf 89' lang='lat' dir='ltr'>impressi)</span> <span class='ocrx_word' id='word_1_180' title='bbox 1105 3306 1298 3369; x_wconf 85' lang='lat' dir='ltr'>...omnes&#39;.&#39;’</span> 
     </span>
    </p>

    <p class='ocr_par' dir='ltr' id='par_1_11' title="bbox 73 3400 1298 3652">
     <span class='ocr_line' id='line_1_25' title="bbox 156 3400 1298 3478; baseline -0.003 -16"><span class='ocrx_word' id='word_1_181' title='bbox 156 3405 223 3463; x_wconf 82' lang='lat'>358.</span> <span class='ocrx_word' id='word_1_182' title='bbox 264 3402 382 3462; x_wconf 88' lang='lat' dir='ltr'>Nonius</span> <span class='ocrx_word' id='word_1_183' title='bbox 405 3421 435 3478; x_wconf 90' lang='lat' dir='ltr'>p.</span> <span class='ocrx_word' id='word_1_184' title='bbox 449 3405 516 3478; x_wconf 86' lang='lat'>305,</span> <span class='ocrx_word' id='word_1_185' title='bbox 530 3406 567 3464; x_wconf 88' lang='grc'>29</span> <span class='ocrx_word' id='word_1_186' title='bbox 588 3403 703 3466; x_wconf 84' lang='lat' dir='ltr'>“Fama</span> <span class='ocrx_word' id='word_1_187' title='bbox 723 3411 770 3465; x_wconf 87' lang='lat' dir='ltr'>est</span> <span class='ocrx_word' id='word_1_188' title='bbox 790 3423 891 3465; x_wconf 89' lang='lat' dir='ltr'>rursus</span> <span class='ocrx_word' id='word_1_189' title='bbox 909 3405 1029 3466; x_wconf 85' lang='lat' dir='ltr'>infamia</span> <span class='ocrx_word' id='word_1_190' title='bbox 1044 3451 1050 3464; x_wconf 95' lang='lat'>.</span> <span class='ocrx_word' id='word_1_191' title='bbox 1064 3451 1071 3464; x_wconf 94' lang='lat'>.</span> <span class='ocrx_word' id='word_1_192' title='bbox 1084 3446 1090 3459; x_wconf 87' lang='lat'>.</span> <span class='ocrx_word' id='word_1_193' title='bbox 1105 3400 1184 3461; x_wconf 88' lang='lat' dir='ltr'>unde</span> <span class='ocrx_word' id='word_1_194' title='bbox 1206 3407 1236 3460; x_wconf 88' lang='lat' dir='ltr'>et</span> <span class='ocrx_word' id='word_1_195' title='bbox 1255 3400 1298 3460; x_wconf 86' lang='lat' dir='ltr'>ia·</span> 
     </span>
     <span class='ocr_line' id='line_1_26' title="bbox 73 3497 1297 3576; baseline -0.007 -19"><span class='ocrx_word' id='word_1_196' title='bbox 73 3515 192 3557; x_wconf 91' lang='lat' dir='ltr'>mosum</span> <span class='ocrx_word' id='word_1_197' title='bbox 213 3497 324 3557; x_wconf 86' lang='lat' dir='ltr'>dictum</span> <span class='ocrx_word' id='word_1_198' title='bbox 352 3502 399 3556; x_wconf 88' lang='lat' dir='ltr'>est</span> <span class='ocrx_word' id='word_1_199' title='bbox 418 3498 536 3558; x_wconf 84' lang='lat' dir='ltr'>infame.</span> <span class='ocrx_word' id='word_1_200' title='bbox 624 3498 757 3558; x_wconf 88' lang='lat' dir='ltr'>Lucilius</span> <span class='ocrx_word' id='word_1_201' title='bbox 784 3504 948 3576; x_wconf 81' lang='lat' dir='ltr'>satyrarum</span> <span class='ocrx_word' id='word_1_202' title='bbox 969 3499 1019 3558; x_wconf 93' lang='lat' dir='ltr'>lih.</span> <span class='ocrx_word' id='word_1_203' title='bbox 1033 3518 1062 3557; x_wconf 83' lang='lat' dir='ltr'>rr</span> <span class='ocrx_word' id='word_1_204' title='bbox 1083 3497 1212 3575; x_wconf 88' lang='lat' dir='ltr'>‘quintus</span> <span class='ocrx_word' id='word_1_205' title='bbox 1234 3512 1297 3551; x_wconf 75' lang='lat' dir='ltr'>our·</span> 
     </span>
     <span class='ocr_line' id='line_1_27' title="bbox 74 3590 558 3652; baseline 0.002 -2"><span class='ocrx_word' id='word_1_206' title='bbox 74 3611 139 3651; x_wconf 85' lang='lat' dir='ltr'>mus</span> <span class='ocrx_word' id='word_1_207' title='bbox 155 3638 162 3651; x_wconf 92' lang='lat'>.</span> <span class='ocrx_word' id='word_1_208' title='bbox 176 3639 182 3652; x_wconf 95' lang='lat'>.</span> <span class='ocrx_word' id='word_1_209' title='bbox 195 3638 202 3651; x_wconf 93' lang='lat'>.</span> <span class='ocrx_word' id='word_1_210' title='bbox 214 3609 255 3650; x_wconf 75' lang='lat' dir='ltr'>nr</span> <span class='ocrx_word' id='word_1_211' title='bbox 283 3590 394 3650; x_wconf 88' lang='lat' dir='ltr'>rectius</span> <span class='ocrx_word' id='word_1_212' title='bbox 416 3591 518 3652; x_wconf 84' lang='lat' dir='ltr'>sesc&#39;.&#39;&#39;</span> <span class='ocrx_word' id='word_1_213' title='bbox 556 3606 558 3612; x_wconf 86' lang='lat'>·</span> 
     </span>
    </p>
   </div>
   <div class='ocr_carea' id='block_1_8' title="bbox 74 3681 1297 3840">
    <p class='ocr_par' dir='ltr' id='par_1_12' title="bbox 74 3681 1297 3840">
     <span class='ocr_line' id='line_1_28' title="bbox 156 3681 1297 3776; baseline -0.003 -33"><span class='ocrx_word' id='word_1_214' title='bbox 156 3686 223 3744; x_wconf 82' lang='lat'>361.</span> <span class='ocrx_word' id='word_1_215' title='bbox 263 3684 379 3744; x_wconf 89' lang='lat' dir='ltr'>Nonius</span> <span class='ocrx_word' id='word_1_216' title='bbox 399 3703 429 3763; x_wconf 91' lang='lat' dir='ltr'>p.</span> <span class='ocrx_word' id='word_1_217' title='bbox 443 3686 562 3776; x_wconf 71' lang='lat'>344,‘30</span> <span class='ocrx_word' id='word_1_218' title='bbox 583 3685 707 3762; x_wconf 86' lang='lat' dir='ltr'>“Meret,</span> <span class='ocrx_word' id='word_1_219' title='bbox 721 3687 835 3746; x_wconf 86' lang='lat' dir='ltr'>militat.</span> <span class='ocrx_word' id='word_1_220' title='bbox 858 3687 998 3747; x_wconf 90' lang='lat' dir='ltr'>...idem</span> <span class='ocrx_word' id='word_1_221' title='bbox 1016 3687 1065 3746; x_wconf 91' lang='lat' dir='ltr'>lib.</span> <span class='ocrx_word' id='word_1_222' title='bbox 1081 3705 1113 3743; x_wconf 87' lang='lat' dir='ltr'>xr</span> <span class='ocrx_word' id='word_1_223' title='bbox 1134 3684 1237 3744; x_wconf 90' lang='lat' dir='ltr'>‘annos</span> <span class='ocrx_word' id='word_1_224' title='bbox 1250 3681 1297 3741; x_wconf 90' lang='lat' dir='ltr'>hic</span> 
     </span>
     <span class='ocr_line' id='line_1_29' title="bbox 74 3781 657 3840; baseline 0 0"><span class='ocrx_word' id='word_1_225' title='bbox 74 3797 225 3840; x_wconf 68' lang='lat' dir='ltr'>arueram</span> <span class='ocrx_word' id='word_1_226' title='bbox 241 3825 266 3839; x_wconf 91' lang='lat'>..</span> <span class='ocrx_word' id='word_1_227' title='bbox 279 3826 286 3839; x_wconf 95' lang='lat'>.</span> <span class='ocrx_word' id='word_1_228' title='bbox 299 3798 453 3837; x_wconf 71' lang='lat' dir='ltr'>ursmarus</span> <span class='ocrx_word' id='word_1_229' title='bbox 470 3824 477 3840; x_wconf 90' lang='lat'>.</span> <span class='ocrx_word' id='word_1_230' title='bbox 493 3824 499 3839; x_wconf 97' lang='lat'>.</span> <span class='ocrx_word' id='word_1_231' title='bbox 512 3825 518 3839; x_wconf 94' lang='lat'>.</span> <span class='ocrx_word' id='word_1_232' title='bbox 530 3781 657 3840; x_wconf 85' lang='lat' dir='ltr'>meret&#39;.”</span> 
     </span>
    </p>
   </div>
   <div class='ocr_carea' id='block_1_9' title="bbox 76 3869 1296 4045">
    <p class='ocr_par' dir='ltr' id='par_1_13' title="bbox 76 3869 1296 4045">
     <span class='ocr_line' id='line_1_30' title="bbox 156 3869 1296 3950; baseline -0.006 -16"><span class='ocrx_word' id='word_1_233' title='bbox 156 3875 222 3934; x_wconf 90' lang='grc'><strong>363.</strong></span> <span class='ocrx_word' id='word_1_234' title='bbox 263 3871 380 3932; x_wconf 91' lang='lat' dir='ltr'>Nonius</span> <span class='ocrx_word' id='word_1_235' title='bbox 408 3875 517 3950; x_wconf 76' lang='lat' dir='ltr'>peel,</span> <span class='ocrx_word' id='word_1_236' title='bbox 539 3877 577 3934; x_wconf 86' lang='grc'>22</span> <span class='ocrx_word' id='word_1_237' title='bbox 605 3874 779 3948; x_wconf 83' lang='lat' dir='ltr'>“Spurcum</span> <span class='ocrx_word' id='word_1_238' title='bbox 807 3876 896 3936; x_wconf 89' lang='lat' dir='ltr'>etiam</span> <span class='ocrx_word' id='word_1_239' title='bbox 922 3876 1053 3938; x_wconf 86' lang='lat' dir='ltr'>fetidum.</span> <span class='ocrx_word' id='word_1_240' title='bbox 1162 3869 1296 3930; x_wconf 90' lang='lat' dir='ltr'>Lucilius</span> 
     </span>
     <span class='ocr_line' id='line_1_31' title="bbox 76 3967 924 4045; baseline 0.005 -19"><span class='ocrx_word' id='word_1_241' title='bbox 76 3969 130 4028; x_wconf 93' lang='lat' dir='ltr'>lib.</span> <span class='ocrx_word' id='word_1_242' title='bbox 145 3987 179 4024; x_wconf 86' lang='lat' dir='ltr'>xr</span> <span class='ocrx_word' id='word_1_243' title='bbox 199 3967 332 4044; x_wconf 88' lang='lat' dir='ltr'>&#39;praetor</span> <span class='ocrx_word' id='word_1_244' title='bbox 347 4012 353 4027; x_wconf 94' lang='lat'>.</span> <span class='ocrx_word' id='word_1_245' title='bbox 367 4015 372 4028; x_wconf 98' lang='lat'>.</span> <span class='ocrx_word' id='word_1_246' title='bbox 386 4013 392 4028; x_wconf 99' lang='lat'>.</span> <span class='ocrx_word' id='word_1_247' title='bbox 408 3985 495 4045; x_wconf 87' lang='lat' dir='ltr'>quarn</span> <span class='ocrx_word' id='word_1_248' title='bbox 516 3985 652 4026; x_wconf 80' lang='lat' dir='ltr'>sruucus</span> <span class='ocrx_word' id='word_1_249' title='bbox 672 3987 723 4030; x_wconf 94' lang='lat' dir='ltr'>ore</span> <span class='ocrx_word' id='word_1_250' title='bbox 738 4017 745 4031; x_wconf 89' lang='lat'>.</span> <span class='ocrx_word' id='word_1_251' title='bbox 758 4017 783 4031; x_wconf 92' lang='lat'>..</span> <span class='ocrx_word' id='word_1_252' title='bbox 798 3970 924 4029; x_wconf 84' lang='lat' dir='ltr'>unum’.”</span> 
     </span>
    </p>
   </div>
   <div class='ocr_carea' id='block_1_10' title="bbox 156 4146 1142 4378">
    <p class='ocr_par' dir='ltr' id='par_1_14' title="bbox 156 4146 1142 4378">
     <span class='ocr_line' id='line_1_32' title="bbox 157 4146 1142 4226; baseline -0.002 -18"><span class='ocrx_word' id='word_1_253' title='bbox 157 4152 223 4210; x_wconf 81' lang='lat'>351.</span> <span class='ocrx_word' id='word_1_254' title='bbox 267 4166 418 4207; x_wconf 74' lang='lat' dir='ltr'>consecrato</span> <span class='ocrx_word' id='word_1_255' title='bbox 440 4148 489 4206; x_wconf 83' lang='lat' dir='ltr'>Fr.</span> <span class='ocrx_word' id='word_1_256' title='bbox 510 4146 625 4208; x_wconf 85' lang='lat' dir='ltr'>Dousa.</span> <span class='ocrx_word' id='word_1_257' title='bbox 743 4151 887 4208; x_wconf 72' lang='lat' dir='ltr'>inordina</span> <span class='ocrx_word' id='word_1_258' title='bbox 907 4149 976 4208; x_wconf 92' lang='lat' dir='ltr'>olim</span> <span class='ocrx_word' id='word_1_259' title='bbox 996 4148 1142 4226; x_wconf 90' lang='lat' dir='ltr'>impressi.</span> 
     </span>
     <span class='ocr_line' id='line_1_33' title="bbox 157 4225 512 4300; baseline -0.003 -15"><span class='ocrx_word' id='word_1_260' title='bbox 157 4228 223 4286; x_wconf 85' lang='grc'>352.</span> <span class='ocrx_word' id='word_1_261' title='bbox 270 4227 381 4300; x_wconf 82' lang='lat' dir='ltr'>lcapcet</span> <span class='ocrx_word' id='word_1_262' title='bbox 400 4225 512 4284; x_wconf 88' lang='lat' dir='ltr'>Iunius.</span> 
     </span>
     <span class='ocr_line' id='line_1_34' title="bbox 156 4301 572 4378; baseline -0.002 -17"><span class='ocrx_word' id='word_1_263' title='bbox 156 4305 221 4362; x_wconf 85' lang='grc'><strong>356.</strong></span> <span class='ocrx_word' id='word_1_264' title='bbox 260 4305 408 4378; x_wconf 69' lang='lat' dir='ltr'>furemque</span> <span class='ocrx_word' id='word_1_265' title='bbox 429 4301 572 4376; x_wconf 84' lang='lat' dir='ltr'>Scaliger.</span> 
     </span>
    </p>
   </div>
   <div class='ocr_carea' id='block_1_11' title="bbox 156 4378 906 4520">
    <p class='ocr_par' dir='ltr' id='par_1_15' title="bbox 156 4378 906 4520">
     <span class='ocr_line' id='line_1_35' title="bbox 157 4378 906 4455; baseline 0.004 -17"><span class='ocrx_word' id='word_1_266' title='bbox 157 4381 225 4439; x_wconf 83' lang='lat'>358.</span> <span class='ocrx_word' id='word_1_267' title='bbox 271 4379 395 4455; x_wconf 75' lang='lat' dir='ltr'>Opimius</span> <span class='ocrx_word' id='word_1_268' title='bbox 416 4385 446 4438; x_wconf 86' lang='lat' dir='ltr'>et</span> <span class='ocrx_word' id='word_1_269' title='bbox 465 4381 534 4438; x_wconf 83' lang='lat' dir='ltr'>dore</span> <span class='ocrx_word' id='word_1_270' title='bbox 552 4379 646 4438; x_wconf 82' lang='lat' dir='ltr'>rectia&#39;</span> <span class='ocrx_word' id='word_1_271' title='bbox 666 4398 721 4440; x_wconf 81' lang='lat' dir='ltr'>reae</span> <span class='ocrx_word' id='word_1_272' title='bbox 741 4378 906 4441; x_wconf 77' lang='lat' dir='ltr'>Turnebus.</span> 
     </span>
     <span class='ocr_line' id='line_1_36' title="bbox 156 4456 599 4520; baseline -0.002 -1"><span class='ocrx_word' id='word_1_273' title='bbox 156 4458 224 4519; x_wconf 83' lang='lat'>361.</span> <span class='ocrx_word' id='word_1_274' title='bbox 267 4456 405 4520; x_wconf 85' lang='lat' dir='ltr'>Oorrexit</span> <span class='ocrx_word' id='word_1_275' title='bbox 425 4456 599 4518; x_wconf 86' lang='lat' dir='ltr'>Palmerius.</span> 
     </span>
    </p>
   </div>
   <div class='ocr_carea' id='block_1_12' title="bbox 0 0 1612 5180">
    <p class='ocr_par' dir='ltr' id='par_1_16' title="bbox 0 0 1612 5180">
     <span class='ocr_line' id='line_1_37' title="bbox 0 0 1612 5180; baseline 0 0"><span class='ocrx_word' id='word_1_276' title='bbox 0 0 1612 5180; x_wconf 95' lang='lat' dir='ltr'> </span> 
     </span>
    </p>
   </div>
  </div>
 </body>
</html>
